
@misc{ball_nsa_2013,
	title = {{NSA} and {GCHQ} target {Tor} network that protects anonymity of web users},
	url = {http://www.theguardian.com/world/2013/oct/04/nsa-gchq-attack-tor-network-encryption},
	abstract = {• Top-secret documents detail repeated efforts to crack Tor• Tool is funded by US government and relied on by dissidents and activists• Agencies have failed to break core security of network but have limited success in attacking users' computers},
	language = {en},
	urldate = {2018-02-08},
	journal = {the Guardian},
	author = {Ball, James and Greenwald, Glenn and Schneier, Bruce},
	month = oct,
	year = {2013}
}