
@inproceedings{corre_webrtc_2017,
	keywords = {own},
  author    = {Kevin Corre and
               Simon B{\'{e}}cot and
               Olivier Barais and
               Gerson Suny{\'{e}}},
  title     = {A WebRTC Extension to Allow Identity Negotiation at Runtime},
  booktitle = {Web Engineering - 17th International Conference, {ICWE} 2017, Rome,
               Italy, June 5-8, 2017, Proceedings},
  pages     = {412--419},
  year      = {2017},
  crossref  = {DBLP:conf/icwe/2017},
  url       = {https://doi.org/10.1007/978-3-319-60131-1_27},
  doi       = {10.1007/978-3-319-60131-1_27},
  timestamp = {Fri, 02 Jun 2017 12:37:27 +0200},
  biburl    = {http://dblp.org/rec/bib/conf/icwe/CorreBBS17},
  bibsource = {dblp computer science bibliography, http://dblp.org}
}

@proceedings{DBLP:conf/icwe/2017,
  editor    = {Jordi Cabot and
               Roberto De Virgilio and
               Riccardo Torlone},
  title     = {Web Engineering - 17th International Conference, {ICWE} 2017, Rome,
               Italy, June 5-8, 2017, Proceedings},
  series    = {Lecture Notes in Computer Science},
  volume    = {10360},
  publisher = {Springer},
  year      = {2017},
  url       = {https://doi.org/10.1007/978-3-319-60131-1},
  doi       = {10.1007/978-3-319-60131-1},
  isbn      = {978-3-319-60130-4},
  timestamp = {Fri, 02 Jun 2017 12:36:45 +0200},
  biburl    = {http://dblp.org/rec/bib/conf/icwe/2017},
  bibsource = {dblp computer science bibliography, http://dblp.org}
}

@article{corre_whyusers_2017,
	keywords = {own},
  author    = {Kevin Corre and
               Olivier Barais and
               Gerson Suny{\'{e}} and
               Vincent Frey and
               Jean{-}Michel Crom},
  title     = {Why can't users choose their identity providers on the web?},
  journal   = {PoPETs},
  volume    = {2017},
  number    = {3},
  pages     = {72--86},
  year      = {2017},
  url       = {https://doi.org/10.1515/popets-2017-0029},
  doi       = {10.1515/popets-2017-0029},
  timestamp = {Wed, 19 Jul 2017 17:26:54 +0200},
  biburl    = {http://dblp.org/rec/bib/journals/popets/CorreBSFC17},
  bibsource = {dblp computer science bibliography, http://dblp.org}
}

@techreport{I-D.copeland-rtcweb-p2p-idp-auth,
	keywords = {own},
  author = {Rebecca Copeland and Kevin Corre and Ingo Friese and Saad El Jaouhari},
  title = {Requirements for Trust and Privacy in WebRTC Peer-to-peer Authentication},
  howpublished = {Working Draft},
  type = {Internet-Draft},
  number = {draft-copeland-rtcweb-p2p-idp-auth-00},
  year = {2016},
  month = {September},
  institution = {IETF Secretariat},
  url = {http://www.ietf.org/internet-drafts/draft-copeland-rtcweb-p2p-idp-auth-00.txt},
}

@patent{corre_authent,
	keywords = {own},
	title = {Method of managing the authentication of a client in a computing system},
	author = {Kevin Corre and Vincent Frey},
  note={WO2017006013 A1 Patent App. PCT/FR2016/051,601},
	year = {2016}
}

@techreport{copeland_framework_2015,
	keywords = {own},
	title = {Framework {Architecture} {Definition}},
  type = {Deliverable},
  number = {D2.1},
	institution = {reThink Project},
	editor = {Copeland, Rebecca},
	author = {Rebecca Copeland and Ahmed Bouabdallah and Ibrahim Javed and Eric Paillet and Simon B{\'{e}}cot and Ewa Janczukowicz and Kevin Corre and Jean-Michel Crom and Paulo Chainho and Felix Beierle and Sebastian G{\"{o}}nd{\"{o}}r and Fr{\'{e}}d{\'{e}}ric Luart and Adel Al-Hezmi and Andreea Ancuta Corici and Marc Emmelmann and Ricardo Lopes Pereira and Ricardo Chaves and Nuno Santos},
	year = {2015},
	doi = {10.18153/RTH-645342-D2\_1}
}

@techreport{crom_implementation_2016,
	keywords = {own},
	title = {Implementation of {Governance} and identity management components for phase 1},
  type = {Deliverable},
  number = {D4.2},
	institution = {reThink Project},
	editor = {Crom, Jean-Michel},
	author = {Jean-Michel Crom and Kevin Corre and Simon B{\'{e}}cot and Felix Beierle and Sebastian G{\"{o}}nd{\"{o}}r and Ahmed Bouabdallah and Saad El Jaouhari and Rebecca Copeland and Marc Emmelmann and Andrea Ancuta-Corici, Robert Ende, Ricardo Chaves and Ricardo Pereira},
	year = {2016},
	doi = {10.18153/RTH-645342-D4\_2}
}

@techreport{crom_implementation_2017,
	keywords = {own},
	title = {Implementation of {Governance} and identity management components for phase 2},
  type = {Deliverable},
  number = {D4.3},
	institution = {reThink Project},
	editor = {Crom, Jean-Michel},
	author = {Jean-Michel Crom and Kevin Corre and Ingo Friese and Felix Beierle and Sebastian G{\"{o}}nd{\"{o}}r and Ahmed Bouabdallah and Hao Jiang and Rebecca Copeland and Ibrahim Tariq Javed and Marc Emmelmann and Andrea Ancuta Corici and Robert Ende and Ricardo Chaves and Nuno Santos and Ricardo Pereira},
	year = {2017}
}

@techreport{crom_management_2015,
	keywords = {own},
	title = {Management and {Security} features specifications},
  type = {Deliverable},
  number = {D4.1},
	institution = {reThink Project},
	editor = {Crom, Jean-Michel},
	author = {Jean-Michel Crom and Kevin Corre and Simon B{\'{e}}cot and Ingo Friese and Felix Beierle and Sebastian G{\"{o}}nd{\"{o}}r and Ahmed Bouabdallah and Marc Emmelmann and Andrea Ancuta Corici and Ricardo Chaves and Ricardo Pereira},
	year = {2015},
	doi = {10.18153/RTH-645342-D4\_1}
}

@article{javed_cross-domain_2017,
	keywords = {own},
  author    = {Ibrahim Tariq Javed and
               Rebecca Copeland and
               No{\"{e}}l Crespi and
               Marc Emmelmann and
               Ancuta Corici and
               Ahmed Bouabdallah and
               Tuo Zhang and
               Saad El Jaouhari and
               Felix Beierle and
               Sebastian G{\"{o}}nd{\"{o}}r and
               Axel K{\"{u}}pper and
               Kevin Corre and
               Jean{-}Michel Crom and
               Frank Oberle and
               Ingo Friese and
               Ana Caldeira and
               Gil Dias and
               Nuno Santos and
               Ricardo Chaves and
               Ricardo Lopes Pereira},
  title     = {Cross-domain identity and discovery framework for web calling services},
  journal   = {Annales des T{\'{e}}l{\'{e}}communications},
  volume    = {72},
  number    = {7-8},
  pages     = {459--468},
  year      = {2017},
  url       = {https://doi.org/10.1007/s12243-017-0587-2},
  doi       = {10.1007/s12243-017-0587-2},
  timestamp = {Fri, 29 Dec 2017 11:30:57 +0100},
  biburl    = {http://dblp.org/rec/bib/journals/adt/JavedCCECBZJBGK17},
  bibsource = {dblp computer science bibliography, http://dblp.org}
}
