@article{barnes2014browser,
	keywords = {sota},
  author    = {Richard L. Barnes and
               Martin Thomson},
  title     = {Browser-to-Browser Security Assurances for WebRTC},
  journal   = {{IEEE} Internet Computing},
  volume    = {18},
  number    = {6},
  pages     = {11--17},
  year      = {2014},
  url       = {https://doi.org/10.1109/MIC.2014.106},
  doi       = {10.1109/MIC.2014.106},
  timestamp = {Sat, 20 May 2017 00:25:46 +0200},
  biburl    = {http://dblp.org/rec/bib/journals/internet/BarnesT14},
  bibsource = {dblp computer science bibliography, http://dblp.org}
}

@article{amirante2013seamless,
	keywords = {sota},
  author    = {Alessandro Amirante and
               Tobia Castaldi and
               Lorenzo Miniero and
               Simon Pietro Romano},
  title     = {On the seamless interaction between webRTC browsers and SIP-based
               conferencing systems},
  journal   = {{IEEE} Communications Magazine},
  volume    = {51},
  number    = {4},
  pages     = {42--47},
  year      = {2013},
  url       = {https://doi.org/10.1109/MCOM.2013.6495759},
  doi       = {10.1109/MCOM.2013.6495759},
  timestamp = {Fri, 26 May 2017 22:50:56 +0200},
  biburl    = {http://dblp.org/rec/bib/journals/cm/AmiranteCMR13},
  bibsource = {dblp computer science bibliography, http://dblp.org}
}

@inproceedings{javed2016browser,
	keywords = {sota},
  TITLE = {{Browser-to-browser authentication and trust relationships for WebRTC}},
  AUTHOR = {Javed, Ibrahim Tariq and Toumi, Khalifa and Crespi, Noel},
  URL = {https://hal.archives-ouvertes.fr/hal-01445063},
  BOOKTITLE = {{UBICOMM 2016 : 10th International Conference on Mobile Ubiquitous Computing, Systems, Services and Technologies}},
  ADDRESS = {Venice, Italy},
  HAL_LOCAL_REFERENCE = {17582},
  PAGES = {9 - 16},
  YEAR = {2016},
  MONTH = Oct,
  KEYWORDS = {WEBRTC ; P2P ; Identity ; Management ; Authentication ; Trust},
  HAL_ID = {hal-01445063},
  HAL_VERSION = {v1},
}

@article{beltran2014user,
	keywords = {sota},
  author    = {Victoria Beltran and
               Emmanuel Bertin and
               No{\"{e}}l Crespi},
  title     = {User Identity for WebRTC Services: {A} Matter of Trust},
  journal   = {{IEEE} Internet Computing},
  volume    = {18},
  number    = {6},
  pages     = {18--25},
  year      = {2014},
  url       = {https://doi.org/10.1109/MIC.2014.128},
  doi       = {10.1109/MIC.2014.128},
  timestamp = {Sat, 20 May 2017 00:25:47 +0200},
  biburl    = {http://dblp.org/rec/bib/journals/internet/BeltranBC14},
  bibsource = {dblp computer science bibliography, http://dblp.org}
}


@inproceedings{copeland1question,
	keywords = {sota},
  title={A Question of Quality--VoIP, WebRTC or VoLTE?},
  author={Copeland, Rebecca and Copeland, Michael},
	month={March},
	year=2016,
	booktitle={19th Conference on Innovations in Clouds, Internet and Networks, ICIN 2016, Paris, France, March, 2016.}
}

@inproceedings{al2017one,
	keywords = {sota},
  author    = {Nasser Mohammed Al{-}Fannah},
  title     = {One Leak Will Sink {A} Ship: WebRTC {IP} Address Leaks},
  journal   = {CoRR},
  volume    = {abs/1709.05395},
  year      = {2017},
  url       = {http://arxiv.org/abs/1709.05395},
  archivePrefix = {arXiv},
  eprint    = {1709.05395},
  timestamp = {Thu, 05 Oct 2017 09:42:58 +0200},
  biburl    = {http://dblp.org/rec/bib/journals/corr/abs-1709-05395},
  bibsource = {dblp computer science bibliography, http://dblp.org}
}

@article{johnston2013taking,
	keywords = {sota},
  author    = {Alan Johnston and
               John Yoakum and
               Kundan Singh},
  title     = {Taking on webRTC in an enterprise},
  journal   = {{IEEE} Communications Magazine},
  volume    = {51},
  number    = {4},
  pages     = {48--54},
  year      = {2013},
  url       = {https://doi.org/10.1109/MCOM.2013.6495760},
  doi       = {10.1109/MCOM.2013.6495760},
  timestamp = {Fri, 26 May 2017 22:50:56 +0200},
  biburl    = {http://dblp.org/rec/bib/journals/cm/JohnstonYS13},
  bibsource = {dblp computer science bibliography, http://dblp.org}
}

@inproceedings{javed2016br2br,
	keywords = {sota},
  author    = {Ibrahim Tariq Javed and
               Khalifa Toumi and
               No{\"{e}}l Crespi and
               Amir Mohammadinejad},
  title     = {Br2Br: {A} Vector-Based Trust Framework for WebRTC Calling Services},
  booktitle = {18th {IEEE} International Conference on High Performance Computing
               and Communications; 14th {IEEE} International Conference on Smart
               City; 2nd {IEEE} International Conference on Data Science and Systems,
               HPCC/SmartCity/DSS 2016, Sydney, Australia, December 12-14, 2016},
  pages     = {522--529},
  year      = {2016},
  crossref  = {DBLP:conf/hpcc/2016},
  url       = {https://doi.org/10.1109/HPCC-SmartCity-DSS.2016.0080},
  doi       = {10.1109/HPCC-SmartCity-DSS.2016.0080},
  timestamp = {Tue, 23 May 2017 01:10:50 +0200},
  biburl    = {http://dblp.org/rec/bib/conf/hpcc/JavedTCM16},
  bibsource = {dblp computer science bibliography, http://dblp.org}
}


@inproceedings{singh2015enterprise,
	keywords = {sota},
  author    = {Kundan Singh and
               John Yoakum and
               Alan Johnston},
  title     = {Enterprise WebRTC Powered by Browser Extensions},
  booktitle = {Proceedings of the Principles, Systems and Applications on {IP} Telecommunications,
               IPTComm 2015, Chicago, IL, USA, October 6-8, 2015},
  pages     = {1--6},
  year      = {2015},
  crossref  = {DBLP:conf/iptcomm/2015},
  url       = {http://doi.acm.org/10.1145/2843491.2843753},
  doi       = {10.1145/2843491.2843753},
  timestamp = {Mon, 11 Jan 2016 14:52:46 +0100},
  biburl    = {http://dblp.org/rec/bib/conf/iptcomm/SinghYJ15},
  bibsource = {dblp computer science bibliography, http://dblp.org}
}

@article{beltran2015unified,
	keywords = {sota},
  author    = {Victoria Beltran and
               Emmanuel Bertin},
  title     = {Unified communications as a service and WebRTC: An identity-centric
               perspective},
  journal   = {Computer Communications},
  volume    = {68},
  pages     = {73--82},
  year      = {2015},
  url       = {https://doi.org/10.1016/j.comcom.2015.07.011},
  doi       = {10.1016/j.comcom.2015.07.011},
  timestamp = {Fri, 26 May 2017 22:53:21 +0200},
  biburl    = {http://dblp.org/rec/bib/journals/comcom/BeltranB15},
  bibsource = {dblp computer science bibliography, http://dblp.org}
}

@inproceedings{muranyi2013identity,
	keywords = {sota},
  title={Identity management in WebRTC domains},
  author={Muranyi, J and Kotuliak, I},
  booktitle={Emerging eLearning Technologies and Applications (ICETA), 2013 IEEE 11th International Conference on},
  pages={289--293},
  year={2013},
  organization={IEEE}
}

@inproceedings{reiter2017webrtc,
	keywords = {sota},
  author    = {Andreas Reiter and
               Alexander Marsalek},
  title     = {WebRTC: your privacy is at risk},
  booktitle = {Proceedings of the Symposium on Applied Computing, {SAC} 2017, Marrakech,
               Morocco, April 3-7, 2017},
  pages     = {664--669},
  year      = {2017},
  crossref  = {DBLP:conf/sac/2017},
  url       = {http://doi.acm.org/10.1145/3019612.3019844},
  doi       = {10.1145/3019612.3019844},
  timestamp = {Tue, 30 May 2017 14:12:04 +0200},
  biburl    = {http://dblp.org/rec/bib/conf/sac/ReiterM17},
  bibsource = {dblp computer science bibliography, http://dblp.org}
}

@inproceedings{di2015decision,
	keywords = {sota},
  author    = {Mario Di Mauro and
               Maurizio Longo},
  title     = {A decision theory based tool for detection of encrypted WebRTC traffic},
  booktitle = {18th International Conference on Intelligence in Next Generation Networks,
               {ICIN} 2015, Paris, France, February 17-19, 2015},
  pages     = {89--94},
  year      = {2015},
  crossref  = {DBLP:conf/icin/2015},
  url       = {https://doi.org/10.1109/ICIN.2015.7073812},
  doi       = {10.1109/ICIN.2015.7073812},
  timestamp = {Sun, 04 Jun 2017 10:06:48 +0200},
  biburl    = {http://dblp.org/rec/bib/conf/icin/MauroL15},
  bibsource = {dblp computer science bibliography, http://dblp.org}
}

@inproceedings{de2016ensuring,
	keywords = {sota},
  author    = {Willem De Groef and
               Deepak Subramanian and
               Martin Johns and
               Frank Piessens and
               Lieven Desmet},
  title     = {Ensuring endpoint authenticity in WebRTC peer-to-peer communication},
  booktitle = {Proceedings of the 31st Annual {ACM} Symposium on Applied Computing,
               Pisa, Italy, April 4-8, 2016},
  pages     = {2103--2110},
  year      = {2016},
  crossref  = {DBLP:conf/sac/2016},
  url       = {http://doi.acm.org/10.1145/2851613.2851804},
  doi       = {10.1145/2851613.2851804},
  timestamp = {Mon, 06 Jun 2016 18:51:39 +0200},
  biburl    = {http://dblp.org/rec/bib/conf/sac/GroefSJPD16},
  bibsource = {dblp computer science bibliography, http://dblp.org}
}

@inproceedings{bostani2017usable,
  author    = {Hassan Bostani and
               Jean{-}Charles Gr{\'{e}}goire},
  title     = {Usable authentication systems for real time web-based audio/video
               communications},
  booktitle = {20th Conference on Innovations in Clouds, Internet and Networks, {ICIN}
               2017, Paris, France, March 7-9, 2017},
  pages     = {117--121},
  year      = {2017},
  crossref  = {DBLP:conf/icin/2017},
  url       = {https://doi.org/10.1109/ICIN.2017.7899400},
  doi       = {10.1109/ICIN.2017.7899400},
  timestamp = {Fri, 26 May 2017 00:49:30 +0200},
  biburl    = {http://dblp.org/rec/bib/conf/icin/BostaniG17},
  bibsource = {dblp computer science bibliography, http://dblp.org}
}

@inproceedings{beltran2015identity,
  author    = {Victoria Beltran and
               Emmanuel Bertin},
  title     = {Identity management for Web business communications},
  booktitle = {18th International Conference on Intelligence in Next Generation Networks,
               {ICIN} 2015, Paris, France, February 17-19, 2015},
  pages     = {103--107},
  year      = {2015},
  crossref  = {DBLP:conf/icin/2015},
  url       = {https://doi.org/10.1109/ICIN.2015.7073814},
  doi       = {10.1109/ICIN.2015.7073814},
  timestamp = {Fri, 26 May 2017 00:49:30 +0200},
  biburl    = {http://dblp.org/rec/bib/conf/icin/BeltranB15},
  bibsource = {dblp computer science bibliography, http://dblp.org}
}

@article{li2014calling,
	keywords = {sota},
  author    = {Li Li and
               Wu Chou and
               Zhihong Qiu and
               Tao Cai},
  title     = {Who Is Calling Which Page on the Web?},
  journal   = {{IEEE} Internet Computing},
  volume    = {18},
  number    = {6},
  pages     = {26--33},
  year      = {2014},
  url       = {https://doi.org/10.1109/MIC.2014.105},
  doi       = {10.1109/MIC.2014.105},
  timestamp = {Sat, 20 May 2017 00:25:48 +0200},
  biburl    = {http://dblp.org/rec/bib/journals/internet/0001CQC14},
  bibsource = {dblp computer science bibliography, http://dblp.org}
}

@article{rahaman2015survey,
	keywords = {sota},
  title={A Survey on Real-Time Communication for Web},
  author={Rahaman, Md Habibur},
  journal={Scientific Research Journal (Scirj)},
  volume={3},
  number={VII},
  pages={39--45},
  year={2015}
}

@article{javed2017trustcall,
	keywords = {sota},
  author    = {Ibrahim Tariq Javed and
               Khalifa Toumi and
               No{\"{e}}l Crespi},
  title     = {TrustCall: {A} Trust Computation Model for Web Conversational Services},
  journal   = {{IEEE} Access},
  volume    = {5},
  pages     = {24376--24388},
  year      = {2017},
  url       = {https://doi.org/10.1109/ACCESS.2017.2764955},
  doi       = {10.1109/ACCESS.2017.2764955},
  timestamp = {Thu, 14 Dec 2017 17:35:19 +0100},
  biburl    = {http://dblp.org/rec/bib/journals/access/JavedTC17},
  bibsource = {dblp computer science bibliography, http://dblp.org}
}

@article{jennings2013real,
	keywords = {sota},
  author    = {Cullen Jennings and
               Ted Hardie and
               Magnus Westerlund},
  title     = {Real-time communications for the web},
  journal   = {{IEEE} Communications Magazine},
  volume    = {51},
  number    = {4},
  pages     = {20--26},
  year      = {2013},
  url       = {https://doi.org/10.1109/MCOM.2013.6495756},
  doi       = {10.1109/MCOM.2013.6495756},
  timestamp = {Fri, 26 May 2017 22:50:55 +0200},
  biburl    = {http://dblp.org/rec/bib/journals/cm/JenningsHW13},
  bibsource = {dblp computer science bibliography, http://dblp.org}
}

@article{karopoulos2013usage,
	keywords = {sota},
  author    = {Georgios Karopoulos and
               Paolo Mori and
               Fabio Martinelli},
  title     = {Usage control in SIP-based multimedia delivery},
  journal   = {Computers {\&} Security},
  volume    = {39},
  pages     = {406--418},
  year      = {2013},
  url       = {https://doi.org/10.1016/j.cose.2013.09.005},
  doi       = {10.1016/j.cose.2013.09.005},
  timestamp = {Sat, 20 May 2017 00:24:00 +0200},
  biburl    = {http://dblp.org/rec/bib/journals/compsec/KaropoulosMM13},
  bibsource = {dblp computer science bibliography, http://dblp.org}
}

@inproceedings{mauro_revealing_2017,
	keywords = {sota},
  author    = {Mario Di Mauro and
               Maurizio Longo},
  title     = {Revealing Encrypted WebRTC Traffic via Machine Learning Tools},
  booktitle = {{SECRYPT} 2015 - Proceedings of the 12th International Conference
               on Security and Cryptography, Colmar, Alsace, France, 20-22 July,
               2015.},
  pages     = {259--266},
  year      = {2015},
  crossref  = {DBLP:conf/secrypt/2015},
  url       = {https://doi.org/10.5220/0005542202590266},
  doi       = {10.5220/0005542202590266},
  timestamp = {Sun, 21 May 2017 00:21:13 +0200},
  biburl    = {http://dblp.org/rec/bib/conf/secrypt/MauroL15},
  bibsource = {dblp computer science bibliography, http://dblp.org}
}

@article{loreto_real-time_2012,
	keywords = {sota},
  author    = {Salvatore Loreto and
               Simon Pietro Romano},
  title     = {Real-Time Communications in the Web: Issues, Achievements, and Ongoing
               Standardization Efforts},
  journal   = {{IEEE} Internet Computing},
  volume    = {16},
  number    = {5},
  pages     = {68--73},
  year      = {2012},
  url       = {https://doi.org/10.1109/MIC.2012.115},
  doi       = {10.1109/MIC.2012.115},
  timestamp = {Sat, 20 May 2017 00:25:45 +0200},
  biburl    = {http://dblp.org/rec/bib/journals/internet/LoretoR12},
  bibsource = {dblp computer science bibliography, http://dblp.org}
}

@article{loreto_how_2017,
	keywords = {sota},
  author    = {Salvatore Loreto and
               Simon Pietro Romano},
  title     = {How Far Are We from WebRTC-1.0? An Update on Standards and a Look
               at What's Next},
  journal   = {{IEEE} Communications Magazine},
  volume    = {55},
  number    = {7},
  pages     = {200--207},
  year      = {2017},
  url       = {https://doi.org/10.1109/MCOM.2017.1600283},
  doi       = {10.1109/MCOM.2017.1600283},
  timestamp = {Wed, 19 Jul 2017 17:26:48 +0200},
  biburl    = {http://dblp.org/rec/bib/journals/cm/LoretoR17},
  bibsource = {dblp computer science bibliography, http://dblp.org}
}

@techreport{de2013web,
	keywords = {sota},
  type = {Deliverable},
  number = {D1.1},
  title={Web-platform security guide: Security assessment of the web ecosystem},
  author={De Ryck, Philippe and Joosen, Wouter and Piessens, Frank and Johns, Martin and Davies, Elwyn and Bos, Bert and Roessler, Thomas and Desmet, Lieven and Lekies, Sebastian and Mühlberg, Jan Tobias and others},
  year={2013},
	institution = {STREWS Project}
}

@article{bos2014case,
	keywords = {sota},
  type = {Deliverable},
  number = {D1.2},
  title={Case study 1 Report: WebRTC},
  author={Bos, Bert and Davies, Elwyn and Desmet, Lieven and Farrell, Stephen and Johns, Martin and Wenning, Rigo},
  year={2014},
	institution = {STREWS Project}
}

@article{srivastava2004preventing,
	keywords = {sota},
  title={Preventing spam for sip-based instant messages and sessions},
  author={Srivastava, Kumar and Schulzrinne, Henning G},
  year={2004},
  publisher={Department of Computer Science, Columbia University}
}

@inproceedings{croft2005model,
	keywords = {sota},
  title={A model for spam prevention in voice over IP networks using anonymous Verifying Authorities},
  author={Croft, N and Olivier, M},
  booktitle={Proceedings of the 5th Annual Information Security South Africa Conference (ISSA)},
  year={2005}
}

@proceedings{DBLP:conf/icin/2015,
  title     = {18th International Conference on Intelligence in Next Generation Networks,
               {ICIN} 2015, Paris, France, February 17-19, 2015},
  publisher = {{IEEE}},
  year      = {2015},
  url       = {http://ieeexplore.ieee.org/xpl/mostRecentIssue.jsp?punumber=7070910},
  isbn      = {978-1-4799-1866-9},
  timestamp = {Thu, 09 Apr 2015 17:17:43 +0200},
  biburl    = {http://dblp.org/rec/bib/conf/icin/2015},
  bibsource = {dblp computer science bibliography, http://dblp.org}
}
@proceedings{DBLP:conf/hpcc/2016,
  editor    = {Jinjun Chen and
               Laurence T. Yang},
  title     = {18th {IEEE} International Conference on High Performance Computing
               and Communications; 14th {IEEE} International Conference on Smart
               City; 2nd {IEEE} International Conference on Data Science and Systems,
               HPCC/SmartCity/DSS 2016, Sydney, Australia, December 12-14, 2016},
  publisher = {{IEEE}},
  year      = {2016},
  url       = {http://ieeexplore.ieee.org/xpl/mostRecentIssue.jsp?punumber=7819725},
  isbn      = {978-1-5090-4297-5},
  timestamp = {Tue, 31 Jan 2017 10:23:24 +0100},
  biburl    = {http://dblp.org/rec/bib/conf/hpcc/2016},
  bibsource = {dblp computer science bibliography, http://dblp.org}
}

@proceedings{DBLP:conf/iptcomm/2015,
  title     = {Proceedings of the Principles, Systems and Applications on {IP} Telecommunications,
               IPTComm 2015, Chicago, IL, USA, October 6-8, 2015},
  publisher = {{ACM}},
  year      = {2015},
  url       = {http://doi.acm.org/10.1145/2843491},
  doi       = {10.1145/2843491},
  isbn      = {978-1-4503-3949-0},
  timestamp = {Mon, 11 Jan 2016 14:50:22 +0100},
  biburl    = {http://dblp.org/rec/bib/conf/iptcomm/2015},
  bibsource = {dblp computer science bibliography, http://dblp.org}
}

@proceedings{DBLP:conf/sac/2017,
  editor    = {Ahmed Seffah and
               Birgit Penzenstadler and
               Carina Alves and
               Xin Peng},
  title     = {Proceedings of the Symposium on Applied Computing, {SAC} 2017, Marrakech,
               Morocco, April 3-7, 2017},
  publisher = {{ACM}},
  year      = {2017},
  url       = {http://doi.acm.org/10.1145/3019612},
  doi       = {10.1145/3019612},
  isbn      = {978-1-4503-4486-9},
  timestamp = {Tue, 30 May 2017 13:26:11 +0200},
  biburl    = {http://dblp.org/rec/bib/conf/sac/2017},
  bibsource = {dblp computer science bibliography, http://dblp.org}
}


@proceedings{DBLP:conf/sac/2016,
  editor    = {Sascha Ossowski},
  title     = {Proceedings of the 31st Annual {ACM} Symposium on Applied Computing,
               Pisa, Italy, April 4-8, 2016},
  publisher = {{ACM}},
  year      = {2016},
  url       = {http://doi.acm.org/10.1145/2851613},
  doi       = {10.1145/2851613},
  isbn      = {978-1-4503-3739-7},
  timestamp = {Mon, 06 Jun 2016 16:18:58 +0200},
  biburl    = {http://dblp.org/rec/bib/conf/sac/2016},
  bibsource = {dblp computer science bibliography, http://dblp.org}
}

@proceedings{DBLP:conf/icin/2017,
  editor    = {No{\"{e}}l Crespi and
               Antonio Manzalini and
               Stefano Secci},
  title     = {20th Conference on Innovations in Clouds, Internet and Networks, {ICIN}
               2017, Paris, France, March 7-9, 2017},
  publisher = {{IEEE}},
  year      = {2017},
  url       = {http://ieeexplore.ieee.org/xpl/mostRecentIssue.jsp?punumber=7897354},
  isbn      = {978-1-5090-3672-1},
  timestamp = {Mon, 24 Apr 2017 12:41:25 +0200},
  biburl    = {http://dblp.org/rec/bib/conf/icin/2017},
  bibsource = {dblp computer science bibliography, http://dblp.org}
}

@proceedings{DBLP:conf/secrypt/2015,
  editor    = {Mohammad S. Obaidat and
               Pascal Lorenz and
               Pierangela Samarati},
  title     = {{SECRYPT} 2015 - Proceedings of the 12th International Conference
               on Security and Cryptography, Colmar, Alsace, France, 20-22 July,
               2015},
  publisher = {SciTePress},
  year      = {2015},
  isbn      = {978-989-758-117-5},
  timestamp = {Thu, 06 Aug 2015 12:56:43 +0200},
  biburl    = {http://dblp.org/rec/bib/conf/secrypt/2015},
  bibsource = {dblp computer science bibliography, http://dblp.org}
}
