@misc{communication,
	title = {communication},
  author = {{Oxford Dictionaries}},
	url = {https://en.oxforddictionaries.com/definition/communication},
	urldate = {2017-06-23},
}

@misc{communicatio,
	title = {communicatio},
  author = {{Perseus - Latin Word Study Tool}},
	url = {http://www.perseus.tufts.edu/hopper/morph?l=communicatio&la=la},
	urldate = {2017-06-23}
}

@misc{mozillasecurityblog2017communicating,
	title = {Communicating the {Dangers} of {Non}-{Secure} {HTTP}},
	url = {https://blog.mozilla.org/security/2017/01/20/communicating-the-dangers-of-non-secure-http/},
	urldate = {2017-06-23},
	author = {Mozilla Security Blog}
}

@misc{33700,
	title = {33700, la plateforme de lutte contre les spams vocaux et {SMS}},
	url = {http://www.33700.fr/},
	urldate = {2017-06-23},
	author = {33700 SPAM},
}

@inproceedings{verendel2009quantified,
  author    = {Vilhelm Verendel},
  title     = {Quantified security is a weak hypothesis: a critical survey of results
               and assumptions},
  booktitle = {Proceedings of the 2009 Workshop on New Security Paradigms, Oxford,
               United Kingdom, September 8-11, 2009},
  pages     = {37--50},
  year      = {2009},
  crossref  = {DBLP:conf/nspw/2009},
  url       = {http://doi.acm.org/10.1145/1719030.1719036},
  doi       = {10.1145/1719030.1719036},
  timestamp = {Thu, 12 Nov 2015 17:18:03 +0100},
  biburl    = {http://dblp.org/rec/bib/conf/nspw/Verendel09},
  bibsource = {dblp computer science bibliography, http://dblp.org}
}

@article{mcknight1996meanings,
  title={The meanings of trust},
  author={McKnight, D Harrison and Chervany, Norman L},
  year={1996},
  publisher={Citeseer}
}

@inproceedings{tu2016sok,
  author    = {Huahong Tu and
               Adam Doup{\'{e}} and
               Ziming Zhao and
               Gail{-}Joon Ahn},
  title     = {SoK: Everyone Hates Robocalls: {A} Survey of Techniques Against Telephone
               Spam},
  booktitle = {{IEEE} Symposium on Security and Privacy, {SP} 2016, San Jose, CA,
               USA, May 22-26, 2016},
  pages     = {320--338},
  year      = {2016},
  crossref  = {DBLP:conf/sp/2016},
  url       = {https://doi.org/10.1109/SP.2016.27},
  doi       = {10.1109/SP.2016.27},
  timestamp = {Thu, 15 Jun 2017 21:41:04 +0200},
  biburl    = {http://dblp.org/rec/bib/conf/sp/TuDZA16},
  bibsource = {dblp computer science bibliography, http://dblp.org}
}

@TechReport{w3c:screencapture,
  author      = "Martin Thomson and Keith Griffin",
  title       = "{Screen Capture}",
  month       = apr,
  year        = "2017",
	url = {https://www.w3.org/TR/screen-capture/},
  type        = "{W3C} Editor's Draft",
  institution = "W3C",
}

@inproceedings{toutain2015webco,
  author    = {Fran{\c{c}}ois Toutain and
               Emmanuel Le Hu{\'{e}}rou and
               Eric Beaufils},
  title     = {On webco interoperability},
  booktitle = {Proceedings of the 1st Workshop on All-Web Real-Time Systems, AWeS@EuroSys
               2015, Bordeaux, France, April 21, 2015},
  pages     = {5:1--5:6},
  year      = {2015},
  crossref  = {DBLP:conf/eurosys/2015awes},
  url       = {http://doi.acm.org/10.1145/2749215.2749219},
  doi       = {10.1145/2749215.2749219},
  timestamp = {Tue, 15 Mar 2016 18:07:11 +0100},
  biburl    = {http://dblp.org/rec/bib/conf/eurosys/ToutainHB15},
  bibsource = {dblp computer science bibliography, http://dblp.org}
}

@misc{matrix,
	title = {Matrix Specification},
  author = {{Matrix.org}},
	url = {https://matrix.org/docs/spec/},
	urldate = {2017-06-23}
}

@misc{rethink,
	title = {reTHINK - Deliverables},
  author = {{reThink H2020 project}},
	url = {https://rethink-project.eu/publications/deliverables/},
	urldate = {2017-06-23}
}

@misc{ms:identitymetasystemvision,
	title = {Microsoft's {Vision} for an {Identity} {Metasystem}},
  author = {Microsoft},
	url = {https://msdn.microsoft.com/en-us/library/ms996422.aspx},
	urldate = {2017-06-23}
}

@misc{arcep_observatoire,
	title = {Observatoire des march{\'{e}}s des communications {\'{e}}lectroniques en {France}},
  author = {ARCEP},
	url = {https://www.arcep.fr/index.php?id=13543},
	urldate = {2017-06-28}
}


@misc{goel_facebook,
	title = {Facebook {Enters} \$16 {Billion} {Deal} for {WhatsApp}},
	url = {https://dealbook.nytimes.com/2014/02/19/facebook-to-buy-messaging-start-up/},
	urldate = {2017-06-29},
	journal = {DealBook, New York Times},
	author = {Goel, David Gelles {and} Vindu},
}

@misc{rosoff_microsoft,
	title = {Microsoft {Insider}: {Here}'s {Why} {We} {Bought} {Skype}},
	url = {http://www.businessinsider.fr/us/why-microsoft-bought-skype-an-insider-explains-2011-5/},
	urldate = {2017-06-29},
	journal = {Business Insider France},
	author = {Matt Rosoff}
}

@misc{batteryFF,
	title = {Battery {Status} {API}},
	url = {https://developer.mozilla.org/en-US/docs/Web/API/Battery_Status_API},
	author = {Mozilla developer's blog}
}

@misc{browserid-specs,
	title = {BrowserID: {Specifications} for {Mozilla}'s {Identity} {Effort}},
	url = {https://github.com/mozilla/id-specs},
	publisher = {Mozilla},
}

@misc{tim,
	title = {{TIM}: {Trusted} {Identity} {Module}},
	copyright = {Apache-2.0},
	url = {https://github.com/Orange-OpenSource/TIM},
	publisher = {Orange},
	author = {Vincent, Johann and Kale, Sahin and Frey, Vincent}
}

@book{singh2000code,
  title={The code book: the secret history of codes and code-breaking},
  author={Singh, Simon},
  year={2000}
}

@article{kerckhoffs,
  title={La cryptographie militaire},
  author={Kerckhoffs, Auguste},
  year={1883},
	month=1,
	pages={5--38},
	volume={IX},
  journal={Journal des sciences militaires}
}

@techreport{RFC4880,
  author = {J. Callas and L. Donnerhacke and H. Finney and D. Shaw and R. Thayer},
  title = {OpenPGP Message Format},
  howpublished = {Internet Requests for Comments},
  type = {RFC},
  number = {4880},
  year = {2007},
  month = {November},
  issn = {2070-1721},
  publisher = {RFC Editor},
  institution = {RFC Editor},
  url = {http://www.rfc-editor.org/rfc/rfc4880.txt},
  note = {\url{http://www.rfc-editor.org/rfc/rfc4880.txt}},
}


@article{atzori_social_2012,
  author    = {Luigi Atzori and
               Antonio Iera and
               Giacomo Morabito and
               Michele Nitti},
  title     = {The Social Internet of Things (SIoT) - When social networks meet the
               Internet of Things: Concept, architecture and network characterization},
  journal   = {Computer Networks},
  volume    = {56},
  number    = {16},
  pages     = {3594--3608},
  year      = {2012},
  url       = {https://doi.org/10.1016/j.comnet.2012.07.010},
  doi       = {10.1016/j.comnet.2012.07.010},
  timestamp = {Mon, 05 Jun 2017 20:44:48 +0200},
  biburl    = {http://dblp.uni-trier.de/rec/bib/journals/cn/AtzoriIMN12},
  bibsource = {dblp computer science bibliography, http://dblp.org}
}

@inproceedings{hatin_continuous_2017,
  author    = {Julien Hatin and
               Estelle Cherrier and
               Jean{-}Jacques Schwartzmann and
               V. Frey and
               Christophe Rosenberger},
  title     = {A Continuous LoA Compliant Trust Evaluation Method},
  booktitle = {Proceedings of the 2nd International Conference on Information Systems
               Security and Privacy, {ICISSP} 2016, Rome, Italy, February 19-21,
               2016.},
  pages     = {355--363},
  year      = {2016},
  crossref  = {DBLP:conf/icissp/2016},
  url       = {https://doi.org/10.5220/0005738403550363},
  doi       = {10.5220/0005738403550363},
  timestamp = {Thu, 25 May 2017 00:42:27 +0200},
  biburl    = {http://dblp.org/rec/bib/conf/icissp/HatinCSFR16},
  bibsource = {dblp computer science bibliography, http://dblp.org}
}

@proceedings{DBLP:conf/icissp/2016,
  editor    = {Olivier Camp and
               Steven Furnell and
               Paolo Mori},
  title     = {Proceedings of the 2nd International Conference on Information Systems
               Security and Privacy, {ICISSP} 2016, Rome, Italy, February 19-21,
               2016},
  publisher = {SciTePress},
  year      = {2016},
  isbn      = {978-989-758-167-0},
  timestamp = {Wed, 22 Mar 2017 16:05:10 +0100},
  biburl    = {http://dblp.org/rec/bib/conf/icissp/2016},
  bibsource = {dblp computer science bibliography, http://dblp.org}
}

@misc{trustless_ideal,
	title = {A \$50M {Hack} {Tests} the {Values} of {Communities} {Run} by {Code}},
	url = {https://motherboard.vice.com/en_us/article/qkjz4x/thedao},
	abstract = {The ideal of a perfectly trustless technology is nothing more than an ideal.},
	urldate = {2017-08-08},
	author = {{De Filippi}, Primavera},
	journal = {Motherboard}
}

@techreport{RFC6454,
  author = {A. Barth},
  title = {The Web Origin Concept},
  howpublished = {Internet Requests for Comments},
  type = {RFC},
  number = {6454},
  year = {2011},
  month = {December},
  issn = {2070-1721},
  publisher = {RFC Editor},
  institution = {RFC Editor},
  url = {http://www.rfc-editor.org/rfc/rfc6454.txt},
  note = {\url{http://www.rfc-editor.org/rfc/rfc6454.txt}},
}

@techreport{RFC5785,
  author = {M. Nottingham and E. Hammer-Lahav},
  title = {Defining Well-Known Uniform Resource Identifiers (URIs)},
  howpublished = {Internet Requests for Comments},
  type = {RFC},
  number = {5785},
  year = {2010},
  month = {April},
  issn = {2070-1721},
  publisher = {RFC Editor},
  institution = {RFC Editor},
  url = {http://www.rfc-editor.org/rfc/rfc5785.txt},
  note = {\url{http://www.rfc-editor.org/rfc/rfc5785.txt}},
}

@techreport{RFC4949,
  author = {R. Shirey},
  title = {Internet Security Glossary, Version 2},
  howpublished = {Internet Requests for Comments},
  type = {RFC},
  number = {4949},
  year = {2007},
  month = {August},
  issn = {2070-1721},
  publisher = {RFC Editor},
  institution = {RFC Editor},
  url = {http://www.rfc-editor.org/rfc/rfc4949.txt},
  note = {\url{http://www.rfc-editor.org/rfc/rfc4949.txt}},
}

@techreport{RFC6973,
  author = {A. Cooper and H. Tschofenig and B. Aboba and J. Peterson and J. Morris and M. Hansen and R. Smith},
  title = {Privacy Considerations for Internet Protocols},
  howpublished = {Internet Requests for Comments},
  type = {RFC},
  number = {6973},
  year = {2013},
  month = {July},
  issn = {2070-1721},
  publisher = {RFC Editor},
  institution = {RFC Editor},
}

@article{gdpr,
  title={Regulation (EU) 2016/679 of the European Parliament and of the Council of 27 April 2016 on the protection of natural persons with regard to the processing of personal data and on the free movement of such data, and repealing Directive 95/46},
  author={European Parliament},
  journal={Official Journal of the European Union (OJ)},
  volume={59},
  pages={1--88},
  year={2016}
}


@article{Shannon1949,
author = {Shannon, Claude E},
journal = {Bell system technical journal},
number = {4},
pages = {656--715},
title = {{Communication theory of secrecy systems*}},
volume = {28},
year = {1949}
}

@techreport{NIST,
author = {{National Institute for Standards and Technology}},
journal = {Special Publication 800-57 Part 1 Rev. 3},
title = {Recommendation for Key Management},
year = {2016}
}
@techreport{ANSSI,
author = {{Agence nationale de la s{\'{e}}curit{\'{e}} des syst{\`{e}}mes d'information}},
title = {{Le R{\'{e}}f{\'{e}}rentiel g{\'{e}}n{\'{e}}ral de s{\'{e}}curit{\'{e}} (RGS)}},
year = {2014}
}

@book{Lenstra2004,
  title={Handbook of Information Security},
  author={Lenstra, Arjen},
  year={2004},
  publisher={Wiley}
}

@inproceedings{Kleinjung2012,
  author    = {Thorsten Kleinjung and
               Arjen K. Lenstra and
               Dan Page and
               Nigel P. Smart},
  title     = {Using the Cloud to Determine Key Strengths},
  booktitle = {Progress in Cryptology - {INDOCRYPT} 2012, 13th International Conference
               on Cryptology in India, Kolkata, India, December 9-12, 2012. Proceedings},
  pages     = {17--39},
  year      = {2012},
  crossref  = {DBLP:conf/indocrypt/2012},
  url       = {https://doi.org/10.1007/978-3-642-34931-7_3},
  doi       = {10.1007/978-3-642-34931-7_3},
  timestamp = {Fri, 19 May 2017 01:26:37 +0200},
  biburl    = {http://dblp.org/rec/bib/conf/indocrypt/KleinjungLPS12},
  bibsource = {dblp computer science bibliography, http://dblp.org}
}

@proceedings{DBLP:conf/indocrypt/2012,
  editor    = {Steven D. Galbraith and
               Mridul Nandi},
  title     = {Progress in Cryptology - {INDOCRYPT} 2012, 13th International Conference
               on Cryptology in India, Kolkata, India, December 9-12, 2012. Proceedings},
  series    = {Lecture Notes in Computer Science},
  volume    = {7668},
  publisher = {Springer},
  year      = {2012},
  url       = {https://doi.org/10.1007/978-3-642-34931-7},
  doi       = {10.1007/978-3-642-34931-7},
  isbn      = {978-3-642-34930-0},
  timestamp = {Fri, 19 May 2017 01:26:37 +0200},
  biburl    = {http://dblp.org/rec/bib/conf/indocrypt/2012},
  bibsource = {dblp computer science bibliography, http://dblp.org}
}

@article{dolev1983security,
  author    = {Danny Dolev and
               Andrew Chi{-}Chih Yao},
  title     = {On the security of public key protocols},
  journal   = {{IEEE} Trans. Information Theory},
  volume    = {29},
  number    = {2},
  pages     = {198--207},
  year      = {1983},
  url       = {https://doi.org/10.1109/TIT.1983.1056650},
  doi       = {10.1109/TIT.1983.1056650},
  timestamp = {Thu, 08 Jun 2017 09:00:57 +0200},
  biburl    = {http://dblp.org/rec/bib/journals/tit/DolevY83},
  bibsource = {dblp computer science bibliography, http://dblp.org}
}

@inproceedings{herley2009so,
  author    = {Cormac Herley},
  title     = {So long, and no thanks for the externalities: the rational rejection
               of security advice by users},
  booktitle = {Proceedings of the 2009 Workshop on New Security Paradigms, Oxford,
               United Kingdom, September 8-11, 2009},
  pages     = {133--144},
  year      = {2009},
  crossref  = {DBLP:conf/nspw/2009},
  url       = {http://doi.acm.org/10.1145/1719030.1719050},
  doi       = {10.1145/1719030.1719050},
  timestamp = {Thu, 12 Nov 2015 17:18:03 +0100},
  biburl    = {http://dblp.org/rec/bib/conf/nspw/Herley09},
  bibsource = {dblp computer science bibliography, http://dblp.org}
}

@proceedings{DBLP:conf/nspw/2009,
  editor    = {Anil Somayaji and
               Richard Ford},
  title     = {Proceedings of the 2009 Workshop on New Security Paradigms, Oxford,
               United Kingdom, September 8-11, 2009},
  publisher = {{ACM}},
  year      = {2009},
  url       = {http://doi.acm.org/10.1145/1719030},
  doi       = {10.1145/1719030},
  isbn      = {978-1-60558-845-2},
  timestamp = {Thu, 12 Nov 2015 17:18:03 +0100},
  biburl    = {http://dblp.org/rec/bib/conf/nspw/2009},
  bibsource = {dblp computer science bibliography, http://dblp.org}
}


@inproceedings{laperdrix2016,
  author    = {Laperdrix, Pierre and
               Rudametkin, Walter and
               Baudry, Benoit},
  title     = {Beauty and the Beast: Diverting Modern Web Browsers to Build Unique
               Browser Fingerprints},
  booktitle = {{IEEE} Symposium on Security and Privacy, {SP} 2016, San Jose, CA,
               USA, May 22-26, 2016},
  pages     = {878--894},
  year      = {2016},
  crossref  = {DBLP:conf/sp/2016},
  url       = {https://doi.org/10.1109/SP.2016.57},
  doi       = {10.1109/SP.2016.57},
  timestamp = {Fri, 26 May 2017 00:50:06 +0200},
  biburl    = {http://dblp.uni-trier.de/rec/bib/conf/sp/LaperdrixRB16},
  bibsource = {dblp computer science bibliography, http://dblp.org}
}

@article{artz2007survey,
  author    = {Donovan Artz and
               Yolanda Gil},
  title     = {A survey of trust in computer science and the Semantic Web},
  journal   = {J. Web Sem.},
  volume    = {5},
  number    = {2},
  pages     = {58--71},
  year      = {2007},
  url       = {https://doi.org/10.1016/j.websem.2007.03.002},
  doi       = {10.1016/j.websem.2007.03.002},
  timestamp = {Fri, 26 May 2017 22:50:45 +0200},
  biburl    = {http://dblp.uni-trier.de/rec/bib/journals/ws/ArtzG07},
  bibsource = {dblp computer science bibliography, http://dblp.org}
}

@inproceedings{josang2005semantic,
  author    = {Audun J{\o}sang and
               Simon Pope},
  title     = {Semantic Constraints for Trust Transitivity},
  booktitle = {Conceptual Modelling 2005, Second Asia-Pacific Conference on Conceptual
               Modelling (APCCM2005), Newcastle, NSW, Australia, January/February
               2005},
  pages     = {59--68},
  year      = {2005},
  crossref  = {DBLP:conf/apccm/2005},
  url       = {http://crpit.com/confpapers/CRPITV43Josang.pdf},
  timestamp = {Mon, 18 Apr 2005 14:24:55 +0200},
  biburl    = {http://dblp.uni-trier.de/rec/bib/conf/apccm/JosangP05},
  bibsource = {dblp computer science bibliography, http://dblp.org}
}

@proceedings{DBLP:conf/apccm/2005,
  editor    = {Sven Hartmann and
               Markus Stumptner},
  title     = {Conceptual Modelling 2005, Second Asia-Pacific Conference on Conceptual
               Modelling (APCCM2005), Newcastle, NSW, Australia, January/February
               2005},
  series    = {{CRPIT}},
  volume    = {43},
  publisher = {Australian Computer Society},
  year      = {2005},
  isbn      = {1-920682-25-2},
  timestamp = {Mon, 18 Apr 2005 14:24:55 +0200},
  biburl    = {http://dblp.org/rec/bib/conf/apccm/2005},
  bibsource = {dblp computer science bibliography, http://dblp.org}
}

@inproceedings{josang2006exploring,
  author    = {Audun J{\o}sang and
               Stephen Marsh and
               Simon Pope},
  title     = {Exploring Different Types of Trust Propagation},
  booktitle = {Trust Management, 4th International Conference, iTrust 2006, Pisa,
               Italy, May 16-19, 2006, Proceedings},
  pages     = {179--192},
  year      = {2006},
  crossref  = {DBLP:conf/itrust/2006},
  url       = {https://doi.org/10.1007/11755593_14},
  doi       = {10.1007/11755593_14},
  timestamp = {Tue, 30 May 2017 16:36:53 +0200},
  biburl    = {http://dblp.uni-trier.de/rec/bib/conf/itrust/JosangMP06},
  bibsource = {dblp computer science bibliography, http://dblp.org}
}

@proceedings{DBLP:conf/itrust/2006,
  editor    = {Ketil St{\o}len and
               William H. Winsborough and
               Fabio Martinelli and
               Fabio Massacci},
  title     = {Trust Management, 4th International Conference, iTrust 2006, Pisa,
               Italy, May 16-19, 2006, Proceedings},
  series    = {Lecture Notes in Computer Science},
  volume    = {3986},
  publisher = {Springer},
  year      = {2006},
  url       = {https://doi.org/10.1007/11755593},
  doi       = {10.1007/11755593},
  isbn      = {3-540-34295-8},
  timestamp = {Tue, 30 May 2017 16:36:53 +0200},
  biburl    = {http://dblp.org/rec/bib/conf/itrust/2006},
  bibsource = {dblp computer science bibliography, http://dblp.org}
}

@inproceedings{mui2002computational,
  author    = {Lik Mui and
               Mojdeh Mohtashemi and
               Ari Halberstadt},
  title     = {A Computational Model of Trust and Reputation for E-businesses},
  booktitle = {35th Hawaii International Conference on System Sciences {(HICSS-35}
               2002), {CD-ROM} / Abstracts Proceedings, 7-10 January 2002, Big Island,
               HI, {USA}},
  pages     = {188},
  year      = {2002},
  crossref  = {DBLP:conf/hicss/2002},
  url       = {https://doi.org/10.1109/HICSS.2002.994181},
  doi       = {10.1109/HICSS.2002.994181},
  timestamp = {Tue, 23 May 2017 01:07:52 +0200},
  biburl    = {http://dblp.uni-trier.de/rec/bib/conf/hicss/MuiMH02},
  bibsource = {dblp computer science bibliography, http://dblp.org}
}

@proceedings{DBLP:conf/hicss/2002,
  title     = {35th Hawaii International Conference on System Sciences {(HICSS-35}
               2002), {CD-ROM} / Abstracts Proceedings, 7-10 January 2002, Big Island,
               HI, {USA}},
  publisher = {{IEEE} Computer Society},
  year      = {2002},
  url       = {http://ieeexplore.ieee.org/xpl/mostRecentIssue.jsp?punumber=7798},
  isbn      = {0-7695-1435-9},
  timestamp = {Tue, 05 Apr 2016 11:44:29 +0200},
  biburl    = {http://dblp.org/rec/bib/conf/hicss/2002},
  bibsource = {dblp computer science bibliography, http://dblp.org}
}

@article{usaeuprivacy,
	author		= {Castets-Renard, C{\'{e}}line},
	title			= {Quels liens {\'{e}}tablir entre les USA et l'UE en mati{\`{e}}re de vie priv{\'{e}}e et protection des donn{\'{e}}es personnelles ?},
	journal		= {Dalloz IP/IT},
	year			= {2016},
	month			= {3},
	pages			= {115}
}

@article{sivakorn2016m,
  title={I'm not a human: Breaking the Google reCAPTCHA},
  author={Sivakorn, Suphannee and Polakis, Jason and Keromytis, Angelos D},
  journal={Black Hat},
  pages={1--12},
  year={2016}
}

@article{cameron2005laws,
  title={The laws of identity.},
  author={Cameron, Kim},
  journal={Microsoft Whitepaper},
	url ={https://msdn.microsoft.com/en-us/library/ms996456.aspx},
  year={2005}
}

@article{jones2005microsoft,
  title={Microsoft's vision for an identity metasystem},
  author={Jones, Mike},
  journal={Microsoft Whitepaper},
	url ={http://msdn2.microsoft.com/en-us/library/ms996422.aspx},
  year={2005}
}

@article{chappel2006cardpace,
  title={Introducing Windows CardSpace, April 2006},
  author={Chappell, David},
  journal={Microsoft Whitepaper},
	url ={https://msdn.microsoft.com/en-us/library/aa480189.aspx},
}

@inproceedings{Sun2011,
  author    = {San{-}Tsai Sun and
               Eric Pospisil and
               Ildar Muslukhov and
               Nuray Dindar and
               Kirstie Hawkey and
               Konstantin Beznosov},
  title     = {What makes users refuse web single sign-on?: an empirical investigation
               of OpenID},
  booktitle = {Symposium On Usable Privacy and Security, {SOUPS} '11, Pittsburgh,
               PA, {USA} - July 20 - 22, 2011},
  pages     = {4},
  year      = {2011},
  crossref  = {DBLP:conf/soups/2011},
  url       = {http://doi.acm.org/10.1145/2078827.2078833},
  doi       = {10.1145/2078827.2078833},
  timestamp = {Mon, 24 Sep 2012 19:35:39 +0200},
  biburl    = {http://dblp.org/rec/bib/conf/soups/SunPMDHB11},
  bibsource = {dblp computer science bibliography, http://dblp.org}
}

@proceedings{DBLP:conf/soups/2011,
  editor    = {Lorrie Faith Cranor},
  title     = {Symposium On Usable Privacy and Security, {SOUPS} '11, Pittsburgh,
               PA, {USA} - July 20 - 22, 2011},
  publisher = {{ACM}},
  year      = {2011},
  url       = {http://dl.acm.org/citation.cfm?id=2078827},
  isbn      = {978-1-4503-0911-0},
  timestamp = {Mon, 24 Sep 2012 19:28:00 +0200},
  biburl    = {http://dblp.org/rec/bib/conf/soups/2011},
  bibsource = {dblp computer science bibliography, http://dblp.org}
}

@article{josang14,
  author    = {Audun J{\o}sang},
  title     = {Identity management and trusted interaction in internet and mobile
               computing},
  journal   = {{IET} Information Security},
  volume    = {8},
  number    = {2},
  pages     = {67--79},
  year      = {2014},
  url       = {https://doi.org/10.1049/iet-ifs.2012.0133},
  doi       = {10.1049/iet-ifs.2012.0133},
  timestamp = {Fri, 26 May 2017 22:52:03 +0200},
  biburl    = {http://dblp.org/rec/bib/journals/iet-ifs/Josang14},
  bibsource = {dblp computer science bibliography, http://dblp.org}
}

@techreport{ISO29115,
type = {Standard},
key = {ISO 29115:2013},
month = apr,
year = {2013},
title = {{Information technology -- Security techniques -- Entity authentication assurance framework}},
volume = {2013},
address = {Geneva, CH},
institution = {International Organization for Standardization}
}

@article{identityCrisis,
  author    = {Gergely Alp{\'{a}}r and
               Jaap{-}Henk Hoepman and
               Johanneke Siljee},
  title     = {The Identity Crisis. Security, Privacy and Usability Issues in Identity
               Management},
  journal   = {CoRR},
  volume    = {abs/1101.0427},
  year      = {2011},
  url       = {http://arxiv.org/abs/1101.0427},
  timestamp = {Wed, 07 Jun 2017 14:42:54 +0200},
  biburl    = {http://dblp.uni-trier.de/rec/bib/journals/corr/abs-1101-0427},
  bibsource = {dblp computer science bibliography, http://dblp.org}
}

@article{usercentricity06,
  author    = {Abhilasha Bhargav{-}Spantzel and
               Jan Camenisch and
               Thomas Gro{\ss} and
               Dieter Sommer},
  title     = {User centricity: {A} taxonomy and open issues},
  journal   = {Journal of Computer Security},
  volume    = {15},
  number    = {5},
  pages     = {493--527},
  year      = {2007},
  url       = {http://content.iospress.com/articles/journal-of-computer-security/jcs291},
  timestamp = {Mon, 18 May 2015 17:23:32 +0200},
  biburl    = {http://dblp.org/rec/bib/journals/jcs/Bhargav-SpantzelCGS07},
  bibsource = {dblp computer science bibliography, http://dblp.org}
}

@inproceedings{questPassword12,
  author    = {Joseph Bonneau and
               Cormac Herley and
               Paul C. van Oorschot and
               Frank Stajano},
  title     = {The Quest to Replace Passwords: {A} Framework for Comparative Evaluation
               of Web Authentication Schemes},
  booktitle = {{IEEE} Symposium on Security and Privacy, {SP} 2012, 21-23 May 2012,
               San Francisco, California, {USA}},
  pages     = {553--567},
  year      = {2012},
  crossref  = {DBLP:conf/sp/2012},
  url       = {https://doi.org/10.1109/SP.2012.44},
  doi       = {10.1109/SP.2012.44},
  timestamp = {Fri, 26 May 2017 00:50:06 +0200},
  biburl    = {http://dblp.org/rec/bib/conf/sp/BonneauHOS12},
  bibsource = {dblp computer science bibliography, http://dblp.org}
}

@proceedings{DBLP:conf/sp/2012,
  title     = {{IEEE} Symposium on Security and Privacy, {SP} 2012, 21-23 May 2012,
               San Francisco, California, {USA}},
  publisher = {{IEEE} Computer Society},
  year      = {2012},
  url       = {http://ieeexplore.ieee.org/xpl/mostRecentIssue.jsp?punumber=6233637},
  isbn      = {978-0-7695-4681-0},
  timestamp = {Thu, 08 Jan 2015 16:59:42 +0100},
  biburl    = {http://dblp.org/rec/bib/conf/sp/2012},
  bibsource = {dblp computer science bibliography, http://dblp.org}
}

@inproceedings{carnavalet14password,
  author    = {Xavier de Carn{\'{e}} de Carnavalet and
               Mohammad Mannan},
  title     = {From Very Weak to Very Strong: Analyzing Password-Strength Meters},
  booktitle = {21st Annual Network and Distributed System Security Symposium, {NDSS}
               2014, San Diego, California, USA, February 23-26, 2014},
  year      = {2014},
  crossref  = {DBLP:conf/ndss/2014},
  url       = {https://www.ndss-symposium.org/ndss2014/very-weak-very-strong-analyzing-password-strength-meters},
  timestamp = {Tue, 16 Jan 2018 13:23:48 +0100},
  biburl    = {http://dblp.org/rec/bib/conf/ndss/CarnavaletM14},
  bibsource = {dblp computer science bibliography, http://dblp.org}
}

@proceedings{DBLP:conf/ndss/2014,
  title     = {21st Annual Network and Distributed System Security Symposium, {NDSS}
               2014, San Diego, California, USA, February 23-26, 2014},
  publisher = {The Internet Society},
  year      = {2014},
  url       = {https://www.ndss-symposium.org/ndss2014/},
  timestamp = {Tue, 16 Jan 2018 13:23:48 +0100},
  biburl    = {http://dblp.org/rec/bib/conf/ndss/2014},
  bibsource = {dblp computer science bibliography, http://dblp.org}
}

@misc{ccc_hacking_nodate,
	title = {Hacking the {Samsung} {Galaxy} {S}8 {Irisscanner}},
	url = {https://media.ccc.de/v/biometrie-s8-iris-en},
	abstract = {Mobile vendors have established fingerprints as a biometric feature to unlock smartphones. Now they turn to iris recognition, as do hacke...},
	urldate = {2017-08-21},
	author = {CCC},
}

@techreport{RFC5849,
  author = {E. Hammer-Lahav},
  title = {The OAuth 1.0 Protocol},
  howpublished = {Internet Requests for Comments},
  type = {RFC},
  number = {5849},
  year = {2010},
  month = {April},
  issn = {2070-1721},
  publisher = {RFC Editor},
  institution = {RFC Editor},
  url = {http://www.rfc-editor.org/rfc/rfc5849.txt},
  note = {\url{http://www.rfc-editor.org/rfc/rfc5849.txt}},
}

@techreport{RFC6749,
  author = {D. Hardt},
  title = {The OAuth 2.0 Authorization Framework},
  howpublished = {Internet Requests for Comments},
  type = {RFC},
  number = {6749},
  year = {2012},
  month = {October},
  issn = {2070-1721},
  publisher = {RFC Editor},
  institution = {RFC Editor},
  url = {http://www.rfc-editor.org/rfc/rfc6749.txt},
  note = {\url{http://www.rfc-editor.org/rfc/rfc6749.txt}},
}

@techreport{sakimura_openid_2014,
	title = {Openid connect core 1.0},
	publisher = {The OpenID Foundation},
	author = {Sakimura, Natsuhiko and Bradley, J and Jones, Mike and de Medeiros, B and Mortimore, C},
	year = {2014}
}

@techreport{RFC7519,
  author = {M. Jones and J. Bradley and N. Sakimura},
  title = {JSON Web Token (JWT)},
  howpublished = {Internet Requests for Comments},
  type = {RFC},
  number = {7519},
  year = {2015},
  month = {May},
  issn = {2070-1721},
  publisher = {RFC Editor},
  institution = {RFC Editor},
  url = {http://www.rfc-editor.org/rfc/rfc7519.txt},
  note = {\url{http://www.rfc-editor.org/rfc/rfc7519.txt}},
}

@techreport{RFC7516,
  author = {M. Jones and J. Hildebrand},
  title = {JSON Web Encryption (JWE)},
  howpublished = {Internet Requests for Comments},
  type = {RFC},
  number = {7516},
  year = {2015},
  month = {May},
  issn = {2070-1721},
  publisher = {RFC Editor},
  institution = {RFC Editor},
}

@techreport{RFC7515,
  author = {M. Jones and J. Bradley and N. Sakimura},
  title = {JSON Web Signature (JWS)},
  howpublished = {Internet Requests for Comments},
  type = {RFC},
  number = {7515},
  year = {2015},
  month = {May},
  issn = {2070-1721},
  publisher = {RFC Editor},
  institution = {RFC Editor},
  url = {http://www.rfc-editor.org/rfc/rfc7515.txt},
  note = {\url{http://www.rfc-editor.org/rfc/rfc7515.txt}},
}

@inproceedings{JanczukowiczBTB16,
  author    = {Ewa Janczukowicz and
               Arnaud Braud and
               St{\'{e}}phane Tuffin and
               Ahmed Bouabdallah and
               Jean{-}Marie Bonnin},
  title     = {Evaluation of network solutions for improving WebRTC quality},
  booktitle = {24th International Conference on Software, Telecommunications and
               Computer Networks, SoftCOM 2016, Split, Croatia, September 22-24,
               2016},
  pages     = {1--5},
  year      = {2016},
  crossref  = {DBLP:conf/softcom/2016},
  url       = {https://doi.org/10.1109/SOFTCOM.2016.7772141},
  doi       = {10.1109/SOFTCOM.2016.7772141},
  timestamp = {Thu, 30 Nov 2017 15:06:16 +0100},
  biburl    = {http://dblp.org/rec/bib/conf/softcom/JanczukowiczBTB16},
  bibsource = {dblp computer science bibliography, http://dblp.org}
}

@proceedings{DBLP:conf/softcom/2016,
  title     = {24th International Conference on Software, Telecommunications and
               Computer Networks, SoftCOM 2016, Split, Croatia, September 22-24,
               2016},
  publisher = {{IEEE}},
  year      = {2016},
  url       = {http://ieeexplore.ieee.org/xpl/mostRecentIssue.jsp?punumber=7754733},
  isbn      = {978-1-5090-2578-7},
  timestamp = {Thu, 30 Nov 2017 15:06:16 +0100},
  biburl    = {http://dblp.org/rec/bib/conf/softcom/2016},
  bibsource = {dblp computer science bibliography, http://dblp.org}
}

@article{SchurmannKHW17,
  author    = {Dominik Sch{\"{u}}rmann and
               Fabian Kabus and
               Gregor Hildermeier and
               Lars C. Wolf},
  title     = {Wiretapping End-to-End Encrypted VoIP Calls: Real-World Attacks on
               {ZRTP}},
  journal   = {PoPETs},
  volume    = {2017},
  number    = {3},
  pages     = {4},
  year      = {2017},
  url       = {https://doi.org/10.1515/popets-2017-0025},
  doi       = {10.1515/popets-2017-0025},
  timestamp = {Wed, 19 Jul 2017 17:26:54 +0200},
  biburl    = {http://dblp.uni-trier.de/rec/bib/journals/popets/SchurmannKHW17},
  bibsource = {dblp computer science bibliography, http://dblp.org}
}

@TechReport{w3c:webrtc,
  author      = "Daniel Burnett and Taylor Brandstetter and Adam Bergkvist and Bernard Aboba and Anant Narayanan and Cullen Jennings",
  title       = "{WebRTC} 1.0: Real-time Communication Between Browsers",
  month       = aug,
  note        = "https://www.w3.org/TR/2017/WD-webrtc-20170822/",
  year        = "2017",
  bibsource   = "http://w2.syronex.com/jmr/w3c-biblio",
  type        = "{W3C} Working Draft",
  institution = "W3C",
}

@TechReport{w3c:mediacapture,
  author      = "Daniel Burnett and Anant Narayanan and Bernard Aboba and Cullen Jennings and Adam Bergkvist",
  title       = "Media Capture and Streams",
  month       = may,
  note        = "http://www.w3.org/TR/2016/CR-mediacapture-streams-20160519/",
  year        = "2016",
  bibsource   = "http://w2.syronex.com/jmr/w3c-biblio",
  type        = "Candidate Recommendation",
  institution = "W3C",
}

@techreport{I-D.ietf-rtcweb-overview,
  author = {Harald Alvestrand},
  title = {Overview: Real Time Protocols for Browser-based Applications},
  howpublished = {Working Draft},
  type = {Internet-Draft},
  number = {draft-ietf-rtcweb-overview-18},
  year = {2017},
  month = {March},
  institution = {IETF Secretariat},
  url = {http://www.ietf.org/internet-drafts/draft-ietf-rtcweb-overview-18.txt},
  note = {\url{http://www.ietf.org/internet-drafts/draft-ietf-rtcweb-overview-18.txt}},
}

@techreport{I-D.ietf-rtcweb-jsep,
  author = {Justin Uberti and Cullen Jennings and Eric Rescorla},
  title = {JavaScript Session Establishment Protocol},
  howpublished = {Working Draft},
  type = {Internet-Draft},
  number = {draft-ietf-rtcweb-jsep-22},
  year = {2017},
  month = {August},
  institution = {IETF Secretariat},
  url = {http://www.ietf.org/internet-drafts/draft-ietf-rtcweb-jsep-22.txt},
  note = {\url{http://www.ietf.org/internet-drafts/draft-ietf-rtcweb-jsep-22.txt}},
}

@techreport{RFC2327,
  author = {Mark Handley and Van Jacobson},
  title = {SDP: Session Description Protocol},
  howpublished = {Internet Requests for Comments},
  type = {RFC},
  number = {2327},
  year = {1998},
  month = {April},
  issn = {2070-1721},
  publisher = {RFC Editor},
  institution = {RFC Editor},
  url = {http://www.rfc-editor.org/rfc/rfc2327.txt},
  note = {\url{http://www.rfc-editor.org/rfc/rfc2327.txt}},
}

@techreport{RFC5245,
  author = {J. Rosenberg},
  title = {Interactive Connectivity Establishment (ICE): A Protocol for Network Address Translator (NAT) Traversal for Offer/Answer Protocols},
  howpublished = {Internet Requests for Comments},
  type = {RFC},
  number = {5245},
  year = {2010},
  month = {April},
  issn = {2070-1721},
  publisher = {RFC Editor},
  institution = {RFC Editor},
  url = {http://www.rfc-editor.org/rfc/rfc5245.txt},
  note = {\url{http://www.rfc-editor.org/rfc/rfc5245.txt}},
}

@techreport{RFC5389,
  author = {J. Rosenberg and R. Mahy and P. Matthews and D. Wing},
  title = {Session Traversal Utilities for NAT (STUN)},
  howpublished = {Internet Requests for Comments},
  type = {RFC},
  number = {5389},
  year = {2008},
  month = {October},
  issn = {2070-1721},
  publisher = {RFC Editor},
  institution = {RFC Editor},
  url = {http://www.rfc-editor.org/rfc/rfc5389.txt},
  note = {\url{http://www.rfc-editor.org/rfc/rfc5389.txt}},
}

@techreport{RFC5766,
  author = {R. Mahy and P. Matthews and J. Rosenberg},
  title = {Traversal Using Relays around NAT (TURN): Relay Extensions to Session Traversal Utilities for NAT (STUN)},
  howpublished = {Internet Requests for Comments},
  type = {RFC},
  number = {5766},
  year = {2010},
  month = {April},
  issn = {2070-1721},
  publisher = {RFC Editor},
  institution = {RFC Editor},
  url = {http://www.rfc-editor.org/rfc/rfc5766.txt},
  note = {\url{http://www.rfc-editor.org/rfc/rfc5766.txt}},
}

@techreport{RFC5764,
  author = {D. McGrew and E. Rescorla},
  title = {Datagram Transport Layer Security (DTLS) Extension to Establish Keys for the Secure Real-time Transport Protocol (SRTP)},
  howpublished = {Internet Requests for Comments},
  type = {RFC},
  number = {5764},
  year = {2010},
  month = {May},
  issn = {2070-1721},
  publisher = {RFC Editor},
  institution = {RFC Editor},
  url = {http://www.rfc-editor.org/rfc/rfc5764.txt},
  note = {\url{http://www.rfc-editor.org/rfc/rfc5764.txt}},
}

@techreport{RFC6189,
  author = {P. Zimmermann and A. Johnston and J. Callas},
  title = {ZRTP: Media Path Key Agreement for Unicast Secure RTP},
  howpublished = {Internet Requests for Comments},
  type = {RFC},
  number = {6189},
  year = {2011},
  month = {April},
  issn = {2070-1721},
  publisher = {RFC Editor},
  institution = {RFC Editor},
  url = {http://www.rfc-editor.org/rfc/rfc6189.txt},
  note = {\url{http://www.rfc-editor.org/rfc/rfc6189.txt}},
}

@techreport{I-D.ietf-rtcweb-security-arch,
  author = {Eric Rescorla},
  title = {WebRTC Security Architecture},
  howpublished = {Working Draft},
  type = {Internet-Draft},
  number = {draft-ietf-rtcweb-security-arch-13},
  year = {2017},
  month = {October},
  institution = {IETF Secretariat},
  url = {http://www.ietf.org/internet-drafts/draft-ietf-rtcweb-security-arch-13.txt},
  note = {\url{http://www.ietf.org/internet-drafts/draft-ietf-rtcweb-security-arch-13.txt}},
}

@techreport{RFC3261,
  author = {J. Rosenberg and H. Schulzrinne and G. Camarillo and A. Johnston and J. Peterson and R. Sparks and M. Handley and E. Schooler},
  title = {SIP: Session Initiation Protocol},
  howpublished = {Internet Requests for Comments},
  type = {RFC},
  number = {3261},
  year = {2002},
  month = {June},
  issn = {2070-1721},
  publisher = {RFC Editor},
  institution = {RFC Editor},
  url = {http://www.rfc-editor.org/rfc/rfc3261.txt},
  note = {\url{http://www.rfc-editor.org/rfc/rfc3261.txt}},
}

@techreport{I-D.ietf-rtcweb-ip-handling,
  author = {Justin Uberti and Guo-wei Shieh},
  title = {WebRTC IP Address Handling Requirements},
  howpublished = {Working Draft},
  type = {Internet-Draft},
  number = {draft-ietf-rtcweb-ip-handling-04},
  year = {2017},
  month = {July},
  institution = {IETF Secretariat},
  url = {http://www.ietf.org/internet-drafts/html/draft-ietf-rtcweb-ip-handling-04},
}

@techreport{RFC7591,
  author = {J. Richer and M. Jones and J. Bradley and M. Machulak and P. Hunt},
  title = {OAuth 2.0 Dynamic Client Registration Protocol},
  howpublished = {Internet Requests for Comments},
  type = {RFC},
  number = {7591},
  year = {2015},
  month = {July},
  issn = {2070-1721},
  publisher = {RFC Editor},
  institution = {RFC Editor},
}
w3c:browserext
@techreport{RFC7033,
  author = {P. Jones and G. Salgueiro and M. Jones and J. Smarr},
  title = {WebFinger},
  howpublished = {Internet Requests for Comments},
  type = {RFC},
  number = {7033},
  year = {2013},
  month = {September},
  issn = {2070-1721},
  publisher = {RFC Editor},
  institution = {RFC Editor},
}

@TechReport{w3c:browserext,
  author      = "Pietraszak Mike",
  title       = "Browser Extensions",
  month       = {July},
  url        = {https://browserext.github.io/browserext/},
  year        = "2017",
  type        = "Community Group Draft Report",
  institution = "W3C",
}
@inproceedings{JanczukowiczBTF15,
  author    = {Ewa Janczukowicz and
               Arnaud Braud and
               St{\'{e}}phane Tuffin and
               Ga{\"{e}}l Fromentoux and
               Ahmed Bouabdallah and
               Jean{-}Marie Bonnin},
  title     = {Specialized network services for WebRTC: TURN-based architecture proposal},
  booktitle = {Proceedings of the 1st Workshop on All-Web Real-Time Systems, AWeS@EuroSys
               2015, Bordeaux, France, April 21, 2015},
  pages     = {3:1--3:6},
  year      = {2015},
  crossref  = {DBLP:conf/eurosys/2015awes},
  url       = {http://doi.acm.org/10.1145/2749215.2749218},
  doi       = {10.1145/2749215.2749218},
  timestamp = {Tue, 15 Mar 2016 18:07:11 +0100},
  biburl    = {http://dblp.org/rec/bib/conf/eurosys/JanczukowiczBTF15},
  bibsource = {dblp computer science bibliography, http://dblp.org}
}

@techreport{RFC5039,
  author = {J. Rosenberg and C. Jennings},
  title = {The Session Initiation Protocol (SIP) and Spam},
  howpublished = {Internet Requests for Comments},
  type = {RFC},
  number = {5039},
  year = {2008},
  month = {January},
  issn = {2070-1721},
  publisher = {RFC Editor},
  institution = {RFC Editor},
  url = {http://www.rfc-editor.org/rfc/rfc5039.txt},
  note = {\url{http://www.rfc-editor.org/rfc/rfc5039.txt}},
}

@misc{ARCEPNet,
	title = {Net neutrality - {The} current regulatory framework - {September} 2015},
	year=2015,
	month=9,
	url = {https://www.arcep.fr/uploads/tx_gspublication/net-neutralite_etat-lieux-regul-0915-ENG.pdf},
	urldate = {2017-10-20}
}


@misc{W3CAPI,
	title = {Javascript APIs Current Status},
	publisher = {W3C},
	year=2017,
	month=10,
	url = {https://www.w3.org/standards/techs/js#w3c_all},
	urldate = {2017-10-26}
}

@misc{W3CStandard,
	title = {Standards},
	publisher = {W3C},
	year=2017,
	month=10,
	url = {https://www.w3.org/standards/},
	urldate = {2017-10-26}
}

@techreport{RFC1122,
  author = {Robert Braden},
  title = {Requirements for Internet Hosts - Communication Layers},
  howpublished = {Internet Requests for Comments},
  type = {STD},
  number = {3},
  year = {1989},
  month = {October},
  issn = {2070-1721},
  publisher = {RFC Editor},
  institution = {RFC Editor},
  url = {http://www.rfc-editor.org/rfc/rfc1122.txt},
  note = {\url{http://www.rfc-editor.org/rfc/rfc1122.txt}},
}

@techreport{I-D.ohlsson-rtcweb-sdes-support,
  author = {Oscar Ohlsson},
  title = {Support of SDES in WebRTC},
  howpublished = {Working Draft},
  type = {Internet-Draft},
  number = {draft-ohlsson-rtcweb-sdes-support-01},
  year = {2012},
  month = {August},
  institution = {IETF Secretariat},
  url = {http://www.ietf.org/internet-drafts/draft-ohlsson-rtcweb-sdes-support-01.txt},
  note = {\url{http://www.ietf.org/internet-drafts/draft-ohlsson-rtcweb-sdes-support-01.txt}},
}

@techreport{RFC5246,
  author = {T. Dierks and E. Rescorla},
  title = {The Transport Layer Security (TLS) Protocol Version 1.2},
  howpublished = {Internet Requests for Comments},
  type = {RFC},
  number = {5246},
  year = {2008},
  month = {August},
  issn = {2070-1721},
  publisher = {RFC Editor},
  institution = {RFC Editor},
  url = {http://www.rfc-editor.org/rfc/rfc5246.txt},
  note = {\url{http://www.rfc-editor.org/rfc/rfc5246.txt}},
}

@book{HPBN,
	title = {High Performance Browser Networking},
	author = {Ilya Grigorik},
	url = {https://hpbn.co},
	abstract = {What every web developer must know about mobile networks, protocols, and APIs provided by browser to deliver the best user experience.},
	urldate = {2017-10-31},
	publisher = {OReilly}
}

@book{ferguson2011cryptography,
  title={Cryptography engineering: design principles and practical applications},
  author={Ferguson, Niels and Schneier, Bruce and Kohno, Tadayoshi},
  year={2011},
  publisher={John Wiley \& Sons}
}

@inproceedings{roverso2014hive,
  author    = {Roberto Roverso and
               Mikael H{\"{o}}gqvist},
  title     = {Hive.js: Browser-Based Distributed Caching for Adaptive Video Streaming},
  booktitle = {2014 {IEEE} International Symposium on Multimedia, {ISM} 2014, Taichung,
               Taiwan, December 10-12, 2014},
  pages     = {143--146},
  year      = {2014},
  crossref  = {DBLP:conf/ism/2014},
  url       = {https://doi.org/10.1109/ISM.2014.45},
  doi       = {10.1109/ISM.2014.45},
  timestamp = {Wed, 24 May 2017 08:30:02 +0200},
  biburl    = {http://dblp.org/rec/bib/conf/ism/RoversoH14},
  bibsource = {dblp computer science bibliography, http://dblp.org}
}

@proceedings{DBLP:conf/ism/2014,
  title     = {2014 {IEEE} International Symposium on Multimedia, {ISM} 2014, Taichung,
               Taiwan, December 10-12, 2014},
  publisher = {{IEEE} Computer Society},
  year      = {2014},
  url       = {http://ieeexplore.ieee.org/xpl/mostRecentIssue.jsp?punumber=7031556},
  isbn      = {978-1-4799-4311-1},
  timestamp = {Fri, 22 Jan 2016 09:53:52 +0100},
  biburl    = {http://dblp.org/rec/bib/conf/ism/2014},
  bibsource = {dblp computer science bibliography, http://dblp.org}
}

@phdthesis{nedelec2015spray,
  title={Spray: an Adaptive Random Peer Sampling Protocol},
  author={N{\'e}delec, Brice and Tanke, Julian and Frey, Davide and Molli, Pascal and Mostefaoui, Achour},
  year={2015},
  school={LINA-University of Nantes; INRIA Rennes-Bretagne Atlantique}
}

@inproceedings{zhang2013maygh,
  author    = {Liang Zhang and
               Fangfei Zhou and
               Alan Mislove and
               Ravi Sundaram},
  title     = {Maygh: building a {CDN} from client web browsers},
  booktitle = {Eighth Eurosys Conference 2013, EuroSys '13, Prague, Czech Republic,
               April 14-17, 2013},
  pages     = {281--294},
  year      = {2013},
  crossref  = {DBLP:conf/eurosys/2013},
  url       = {http://doi.acm.org/10.1145/2465351.2465379},
  doi       = {10.1145/2465351.2465379},
  timestamp = {Sat, 20 Apr 2013 14:34:54 +0200},
  biburl    = {http://dblp.org/rec/bib/conf/eurosys/ZhangZMS13},
  bibsource = {dblp computer science bibliography, http://dblp.org}
}

@proceedings{DBLP:conf/eurosys/2013,
  editor    = {Zdenek Hanz{\'{a}}lek and
               Hermann H{\"{a}}rtig and
               Miguel Castro and
               M. Frans Kaashoek},
  title     = {Eighth Eurosys Conference 2013, EuroSys '13, Prague, Czech Republic,
               April 14-17, 2013},
  publisher = {{ACM}},
  year      = {2013},
  url       = {http://dl.acm.org/citation.cfm?id=2465351},
  isbn      = {978-1-4503-1994-2},
  timestamp = {Sat, 20 Apr 2013 14:29:54 +0200},
  biburl    = {http://dblp.org/rec/bib/conf/eurosys/2013},
  bibsource = {dblp computer science bibliography, http://dblp.org}
}

@inproceedings{DBLP:conf/icc/SorgeS09,
  author    = {Christoph Sorge and
               Jan Seedorf},
  title     = {A Provider-Level Reputation System for Assessing the Quality of {SPIT}
               Mitigation Algorithms},
  booktitle = {Proceedings of {IEEE} International Conference on Communications,
               {ICC} 2009, Dresden, Germany, 14-18 June 2009},
  pages     = {1--6},
  year      = {2009},
  crossref  = {DBLP:conf/icc/2009},
  url       = {https://doi.org/10.1109/ICC.2009.5198660},
  doi       = {10.1109/ICC.2009.5198660},
  timestamp = {Thu, 25 May 2017 00:39:48 +0200},
  biburl    = {http://dblp.org/rec/bib/conf/icc/SorgeS09},
  bibsource = {dblp computer science bibliography, http://dblp.org}
}

@proceedings{DBLP:conf/icc/2009,
  title     = {Proceedings of {IEEE} International Conference on Communications,
               {ICC} 2009, Dresden, Germany, 14-18 June 2009},
  publisher = {{IEEE}},
  year      = {2009},
  timestamp = {Thu, 04 Mar 2010 15:03:20 +0100},
  biburl    = {http://dblp.org/rec/bib/conf/icc/2009},
  bibsource = {dblp computer science bibliography, http://dblp.org}
}

@article{zar2005voip,
  title={VoIP security and privacy threat taxonomy},
  author={Zar, Jonathan and Endler, D and Ghosal, D and Jafari, R and Karlcut, A and Kolenko, M and Nguyen, N and Walkoe, W},
  journal={Public Release},
  volume={1},
  pages={24},
  year={2005}
}

@article{keromytis2012comprehensive,
  author    = {Angelos D. Keromytis},
  title     = {A Comprehensive Survey of Voice over {IP} Security Research},
  journal   = {{IEEE} Communications Surveys and Tutorials},
  volume    = {14},
  number    = {2},
  pages     = {514--537},
  year      = {2012},
  url       = {https://doi.org/10.1109/SURV.2011.031611.00112},
  doi       = {10.1109/SURV.2011.031611.00112},
  timestamp = {Sat, 27 May 2017 14:23:16 +0200},
  biburl    = {http://dblp.org/rec/bib/journals/comsur/Keromytis12},
  bibsource = {dblp computer science bibliography, http://dblp.org}
}

@inproceedings{White2011,
  author    = {Andrew M. White and
               Austin R. Matthews and
               Kevin Z. Snow and
               Fabian Monrose},
  title     = {Phonotactic Reconstruction of Encrypted VoIP Conversations: Hookt
               on Fon-iks},
  booktitle = {32nd {IEEE} Symposium on Security and Privacy, S{\&}P 2011, 22-25
               May 2011, Berkeley, California, {USA}},
  pages     = {3--18},
  year      = {2011},
  crossref  = {DBLP:conf/sp/2011},
  url       = {https://doi.org/10.1109/SP.2011.34},
  doi       = {10.1109/SP.2011.34},
  timestamp = {Fri, 26 May 2017 00:50:06 +0200},
  biburl    = {http://dblp.org/rec/bib/conf/sp/WhiteMSM11},
  bibsource = {dblp computer science bibliography, http://dblp.org}
}

@proceedings{DBLP:conf/sp/2011,
  title     = {32nd {IEEE} Symposium on Security and Privacy, S{\&}P 2011, 22-25
               May 2011, Berkeley, California, {USA}},
  publisher = {{IEEE} Computer Society},
  year      = {2011},
  url       = {http://ieeexplore.ieee.org/xpl/mostRecentIssue.jsp?punumber=5955408},
  isbn      = {978-1-4577-0147-4},
  timestamp = {Thu, 08 Jan 2015 16:59:44 +0100},
  biburl    = {http://dblp.org/rec/bib/conf/sp/2011},
  bibsource = {dblp computer science bibliography, http://dblp.org}
}



@techreport{RFC6562,
  author = {C. Perkins and JM. Valin},
  title = {Guidelines for the Use of Variable Bit Rate Audio with Secure RTP},
  howpublished = {Internet Requests for Comments},
  type = {RFC},
  number = {6562},
  year = {2012},
  month = {March},
  issn = {2070-1721},
  publisher = {RFC Editor},
  institution = {RFC Editor},
}

@inproceedings{geneiatakis2008mechanism,
  author    = {Dimitris Geneiatakis and
               Georgios Kambourakis and
               Costas Lambrinoudakis},
  title     = {A Mechanism for Ensuring the Validity and Accuracy of the Billing
               Services in {IP} Telephony},
  booktitle = {Trust, Privacy and Security in Digital Business, 5th International
               Conference, TrustBus 2008, Turin, Italy, September 4-5, 2008, Proceedings},
  pages     = {59--68},
  year      = {2008},
  crossref  = {DBLP:conf/trustbus/2008},
  url       = {https://doi.org/10.1007/978-3-540-85735-8_7},
  doi       = {10.1007/978-3-540-85735-8_7},
  timestamp = {Tue, 13 Jun 2017 10:37:55 +0200},
  biburl    = {http://dblp.org/rec/bib/conf/trustbus/GeneiatakisKL08},
  bibsource = {dblp computer science bibliography, http://dblp.org}
}

@proceedings{DBLP:conf/trustbus/2008,
  editor    = {Steven Furnell and
               Sokratis K. Katsikas and
               Antonio Lioy},
  title     = {Trust, Privacy and Security in Digital Business, 5th International
               Conference, TrustBus 2008, Turin, Italy, September 4-5, 2008, Proceedings},
  series    = {Lecture Notes in Computer Science},
  volume    = {5185},
  publisher = {Springer},
  year      = {2008},
  url       = {https://doi.org/10.1007/978-3-540-85735-8},
  doi       = {10.1007/978-3-540-85735-8},
  isbn      = {978-3-540-85734-1},
  timestamp = {Tue, 13 Jun 2017 10:37:55 +0200},
  biburl    = {http://dblp.org/rec/bib/conf/trustbus/2008},
  bibsource = {dblp computer science bibliography, http://dblp.org}
}



@article{ehlert2010survey,
  author    = {Sven Ehlert and
               Dimitris Geneiatakis and
               Thomas Magedanz},
  title     = {Survey of network security systems to counter SIP-based denial-of-service
               attacks},
  journal   = {Computers {\&} Security},
  volume    = {29},
  number    = {2},
  pages     = {225--243},
  year      = {2010},
  url       = {https://doi.org/10.1016/j.cose.2009.09.004},
  doi       = {10.1016/j.cose.2009.09.004},
  timestamp = {Sat, 20 May 2017 00:23:58 +0200},
  biburl    = {http://dblp.org/rec/bib/journals/compsec/EhlertGM10},
  bibsource = {dblp computer science bibliography, http://dblp.org}
}

@inproceedings{cao2006providing,
  author    = {Feng Cao and
               Cullen Jennings},
  title     = {Providing Response Identity and Authentication in {IP} Telephony},
  booktitle = {Proceedings of the The First International Conference on Availability,
               Reliability and Security, {ARES} 2006, The International Dependability
               Conference - Bridging Theory and Practice, April 20-22 2006, Vienna
               University of Technology, Austria},
  pages     = {198--205},
  year      = {2006},
  crossref  = {DBLP:conf/IEEEares/2006},
  url       = {https://doi.org/10.1109/ARES.2006.99},
  doi       = {10.1109/ARES.2006.99},
  timestamp = {Wed, 24 May 2017 08:28:42 +0200},
  biburl    = {http://dblp.org/rec/bib/conf/IEEEares/CaoJ06},
  bibsource = {dblp computer science bibliography, http://dblp.org}
}

@proceedings{DBLP:conf/IEEEares/2006,
  title     = {Proceedings of the The First International Conference on Availability,
               Reliability and Security, {ARES} 2006, The International Dependability
               Conference - Bridging Theory and Practice, April 20-22 2006, Vienna
               University of Technology, Austria},
  publisher = {{IEEE} Computer Society},
  year      = {2006},
  url       = {http://ieeexplore.ieee.org/xpl/mostRecentIssue.jsp?punumber=10823},
  isbn      = {0-7695-2567-9},
  timestamp = {Mon, 13 Apr 2015 17:11:04 +0200},
  biburl    = {http://dblp.org/rec/bib/conf/IEEEares/2006},
  bibsource = {dblp computer science bibliography, http://dblp.org}
}

@inproceedings{alia2010putting,
  author    = {Mourad Alia and
               Marc Lacoste and
               Ruan He and
               Frank Eliassen},
  title     = {Putting together QoS and security in autonomic pervasive systems},
  booktitle = {Q2SWinet'10, Proceedings of the Sixth {ACM} Symposium on QoS and Security
               for Wireless and Mobile Networks, Bodrum, Turkey, October 20-21, 2010},
  pages     = {19--28},
  year      = {2010},
  crossref  = {DBLP:conf/mswim/2010q},
  url       = {http://doi.acm.org/10.1145/1868630.1868634},
  doi       = {10.1145/1868630.1868634},
  timestamp = {Fri, 19 Sep 2014 10:57:31 +0200},
  biburl    = {http://dblp.org/rec/bib/conf/mswim/AliaLHE10},
  bibsource = {dblp computer science bibliography, http://dblp.org}
}

@proceedings{DBLP:conf/mswim/2010q,
  editor    = {Mario Gerla and
               Matteo Cesana and
               Jalel Ben{-}Othman},
  title     = {Q2SWinet'10, Proceedings of the Sixth {ACM} Symposium on QoS and Security
               for Wireless and Mobile Networks, Bodrum, Turkey, October 20-21, 2010},
  publisher = {{ACM}},
  year      = {2010},
  url       = {http://dl.acm.org/citation.cfm?id=1868630},
  isbn      = {978-1-4503-0275-3},
  timestamp = {Fri, 19 Sep 2014 10:55:18 +0200},
  biburl    = {http://dblp.org/rec/bib/conf/mswim/2010q},
  bibsource = {dblp computer science bibliography, http://dblp.org}
}

@inproceedings{josang1997artificial,
  title={Artificial reasoning with subjective logic},
  author={J{\o}sang, Audun},
  booktitle={Proceedings of the second Australian workshop on commonsense reasoning},
  volume={48},
  pages={34},
  year={1997},
  organization={Perth:[sn]}
}

@article{schneier1999attack,
  title={Attack trees},
  author={Schneier, Bruce},
  journal={Dr. Dobb's journal},
  volume={24},
  number={12},
  pages={21--29},
  year={1999}
}

@inproceedings{josang2004analysing,
  author    = {Audun J{\o}sang and
               St{\'{e}}phane Lo Presti},
  title     = {Analysing the Relationship between Risk and Trust},
  booktitle = {Trust Management, Second International Conference, iTrust 2004, Oxford,
               UK, March 29 - April 1, 2004, Proceedings},
  pages     = {135--145},
  year      = {2004},
  crossref  = {DBLP:conf/itrust/2004},
  url       = {https://doi.org/10.1007/978-3-540-24747-0_11},
  doi       = {10.1007/978-3-540-24747-0_11},
  timestamp = {Mon, 29 May 2017 16:53:44 +0200},
  biburl    = {http://dblp.org/rec/bib/conf/itrust/JosangP04},
  bibsource = {dblp computer science bibliography, http://dblp.org}
}

@proceedings{DBLP:conf/itrust/2004,
  editor    = {Christian Damsgaard Jensen and
               Stefan Poslad and
               Theodosis Dimitrakos},
  title     = {Trust Management, Second International Conference, iTrust 2004, Oxford,
               UK, March 29 - April 1, 2004, Proceedings},
  series    = {Lecture Notes in Computer Science},
  volume    = {2995},
  publisher = {Springer},
  year      = {2004},
  url       = {https://doi.org/10.1007/b96545},
  doi       = {10.1007/b96545},
  isbn      = {3-540-21312-0},
  timestamp = {Mon, 29 May 2017 16:53:44 +0200},
  biburl    = {http://dblp.org/rec/bib/conf/itrust/2004},
  bibsource = {dblp computer science bibliography, http://dblp.org}
}

@TechReport{Alvestrand:16:IWS,
  author      = "Harald Alvestrand and Varun Singh",
  title       = "Identifiers for {WebRTC}'s Statistics {API}",
  month       = dec,
  note        = "https://www.w3.org/TR/2016/WD-webrtc-stats-20161214/",
  year        = "2016",
  bibsource   = "http://w2.syronex.com/jmr/w3c-biblio",
  type        = "{W3C} Working Draft",
  institution = "W3C",
}

@article{DBLP:journals/popets/HeuserRPCDEKST17,
  author    = {Stephan Heuser and
               Bradley Reaves and
               Praveen Kumar Pendyala and
               Henry Carter and
               Alexandra Dmitrienko and
               William Enck and
               Negar Kiyavash and
               Ahmad{-}Reza Sadeghi and
               Patrick Traynor},
  title     = {Phonion: Practical Protection of Metadata in Telephony Networks},
  journal   = {PoPETs},
  volume    = {2017},
  number    = {1},
  pages     = {170--187},
  year      = {2017},
  url       = {https://doi.org/10.1515/popets-2017-0011},
  doi       = {10.1515/popets-2017-0011},
  timestamp = {Wed, 14 Jun 2017 20:36:26 +0200},
  biburl    = {http://dblp.org/rec/bib/journals/popets/HeuserRPCDEKST17},
  bibsource = {dblp computer science bibliography, http://dblp.org}
}

@inproceedings{DBLP:conf/sp/SrivatsaLI08,
  author    = {Mudhakar Srivatsa and
               Ling Liu and
               Arun Iyengar},
  title     = {Preserving Caller Anonymity in Voice-over-IP Networks},
  booktitle = {2008 {IEEE} Symposium on Security and Privacy (S{\&}P 2008), 18-21
               May 2008, Oakland, California, {USA}},
  pages     = {50--63},
  year      = {2008},
  crossref  = {DBLP:conf/sp/2008},
  url       = {https://doi.org/10.1109/SP.2008.10},
  doi       = {10.1109/SP.2008.10},
  timestamp = {Fri, 21 Jul 2017 13:46:44 +0200},
  biburl    = {http://dblp.org/rec/bib/conf/sp/SrivatsaLI08},
  bibsource = {dblp computer science bibliography, http://dblp.org}
}
@proceedings{DBLP:conf/sp/2008,
  title     = {2008 {IEEE} Symposium on Security and Privacy (S{\&}P 2008), 18-21
               May 2008, Oakland, California, {USA}},
  publisher = {{IEEE} Computer Society},
  year      = {2008},
  url       = {http://ieeexplore.ieee.org/xpl/mostRecentIssue.jsp?punumber=4531131},
  isbn      = {978-0-7695-3168-7},
  timestamp = {Thu, 08 Jan 2015 16:59:44 +0100},
  biburl    = {http://dblp.org/rec/bib/conf/sp/2008},
  bibsource = {dblp computer science bibliography, http://dblp.org}
}
@inproceedings{DBLP:conf/acsac/MelchorDI07,
  author    = {Carlos Aguilar Melchor and
               Yves Deswarte and
               Julien Iguchi{-}Cartigny},
  title     = {Closed-Circuit Unobservable Voice over {IP}},
  booktitle = {23rd Annual Computer Security Applications Conference {(ACSAC} 2007),
               December 10-14, 2007, Miami Beach, Florida, {USA}},
  pages     = {119--128},
  year      = {2007},
  crossref  = {DBLP:conf/acsac/2007},
  url       = {https://doi.org/10.1109/ACSAC.2007.34},
  doi       = {10.1109/ACSAC.2007.34},
  timestamp = {Wed, 10 Jan 2018 13:55:52 +0100},
  biburl    = {http://dblp.org/rec/bib/conf/acsac/MelchorDI07},
  bibsource = {dblp computer science bibliography, http://dblp.org}
}
@proceedings{DBLP:conf/acsac/2007,
  title     = {23rd Annual Computer Security Applications Conference {(ACSAC} 2007),
               December 10-14, 2007, Miami Beach, Florida, {USA}},
  publisher = {{IEEE} Computer Society},
  year      = {2007},
  url       = {http://ieeexplore.ieee.org/xpl/mostRecentIssue.jsp?punumber=4412959},
  isbn      = {0-7695-3060-5},
  timestamp = {Mon, 04 Aug 2014 17:08:32 +0200},
  biburl    = {http://dblp.org/rec/bib/conf/acsac/2007},
  bibsource = {dblp computer science bibliography, http://dblp.org}
}
@inproceedings{DBLP:conf/cms/ZhangF10,
  author    = {Ge Zhang and
               Simone Fischer{-}H{\"{u}}bner},
  title     = {Peer-to-Peer VoIP Communications Using Anonymisation Overlay Networks},
  booktitle = {Communications and Multimedia Security, 11th {IFIP} {TC} 6/TC 11 International
               Conference, {CMS} 2010, Linz, Austria, May 31 - June 2, 2010. Proceedings},
  pages     = {130--141},
  year      = {2010},
  crossref  = {DBLP:conf/cms/2010},
  url       = {https://doi.org/10.1007/978-3-642-13241-4_13},
  doi       = {10.1007/978-3-642-13241-4_13},
  timestamp = {Fri, 19 May 2017 01:26:46 +0200},
  biburl    = {http://dblp.org/rec/bib/conf/cms/ZhangF10},
  bibsource = {dblp computer science bibliography, http://dblp.org}
}
@proceedings{DBLP:conf/cms/2010,
  editor    = {Bart De Decker and
               Ingrid Schaum{\"{u}}ller{-}Bichl},
  title     = {Communications and Multimedia Security, 11th {IFIP} {TC} 6/TC 11 International
               Conference, {CMS} 2010, Linz, Austria, May 31 - June 2, 2010. Proceedings},
  series    = {Lecture Notes in Computer Science},
  volume    = {6109},
  publisher = {Springer},
  year      = {2010},
  url       = {https://doi.org/10.1007/978-3-642-13241-4},
  doi       = {10.1007/978-3-642-13241-4},
  isbn      = {978-3-642-13240-7},
  timestamp = {Fri, 19 May 2017 01:26:46 +0200},
  biburl    = {http://dblp.org/rec/bib/conf/cms/2010},
  bibsource = {dblp computer science bibliography, http://dblp.org}
}
@article{berson2005skype,
  title={Skype security evaluation},
  author={Berson, Tom},
  journal={ALR},
  volume={31},
  year={2005}
}

@inproceedings{DBLP:conf/infocom/BasetS06,
  author    = {Salman Baset and
               Henning Schulzrinne},
  title     = {An Analysis of the Skype Peer-to-Peer Internet Telephony Protocol},
  booktitle = {{INFOCOM} 2006. 25th {IEEE} International Conference on Computer Communications,
               Joint Conference of the {IEEE} Computer and Communications Societies,
               23-29 April 2006, Barcelona, Catalunya, Spain},
  year      = {2006},
  crossref  = {DBLP:conf/infocom/2006},
  url       = {https://doi.org/10.1109/INFOCOM.2006.312},
  doi       = {10.1109/INFOCOM.2006.312},
  timestamp = {Tue, 16 May 2017 16:26:30 +0200},
  biburl    = {http://dblp.org/rec/bib/conf/infocom/BasetS06},
  bibsource = {dblp computer science bibliography, http://dblp.org}
}
@proceedings{DBLP:conf/infocom/2006,
  title     = {{INFOCOM} 2006. 25th {IEEE} International Conference on Computer Communications,
               Joint Conference of the {IEEE} Computer and Communications Societies,
               23-29 April 2006, Barcelona, Catalunya, Spain},
  publisher = {{IEEE}},
  year      = {2006},
  url       = {http://ieeexplore.ieee.org/xpl/mostRecentIssue.jsp?punumber=4146652},
  isbn      = {1-4244-0221-2},
  timestamp = {Mon, 26 Jan 2015 16:54:50 +0100},
  biburl    = {http://dblp.org/rec/bib/conf/infocom/2006},
  bibsource = {dblp computer science bibliography, http://dblp.org}
}

@inproceedings{DBLP:conf/im/AbdelnurSCP07,
  author    = {Humberto J. Abdelnur and
               Radu State and
               Isabelle Chrisment and
               C. Popi},
  title     = {Assessing the security of VoIP Services},
  booktitle = {Integrated Network Management, {IM} 2007. 10th {IFIP/IEEE} International
               Symposium on Integrated Network Management, Munich, Germany, 21-25
               May 2007},
  pages     = {373--382},
  year      = {2007},
  crossref  = {DBLP:conf/im/2007},
  url       = {https://doi.org/10.1109/INM.2007.374802},
  doi       = {10.1109/INM.2007.374802},
  timestamp = {Wed, 17 May 2017 14:24:42 +0200},
  biburl    = {http://dblp.org/rec/bib/conf/im/AbdelnurSCP07},
  bibsource = {dblp computer science bibliography, http://dblp.org}
}
@proceedings{DBLP:conf/im/2007,
  title     = {Integrated Network Management, {IM} 2007. 10th {IFIP/IEEE} International
               Symposium on Integrated Network Management, Munich, Germany, 21-25
               May 2007},
  publisher = {{IEEE}},
  year      = {2007},
  timestamp = {Mon, 02 Jul 2007 11:15:19 +0200},
  biburl    = {http://dblp.org/rec/bib/conf/im/2007},
  bibsource = {dblp computer science bibliography, http://dblp.org}
}


@inproceedings{DBLP:conf/csfw/GuptaS07,
  author    = {Prateek Gupta and
               Vitaly Shmatikov},
  title     = {Security Analysis of Voice-over-IP Protocols},
  booktitle = {20th {IEEE} Computer Security Foundations Symposium, {CSF} 2007, 6-8
               July 2007, Venice, Italy},
  pages     = {49--63},
  year      = {2007},
  crossref  = {DBLP:conf/csfw/2007},
  url       = {https://doi.org/10.1109/CSF.2007.31},
  doi       = {10.1109/CSF.2007.31},
  timestamp = {Thu, 25 May 2017 00:40:50 +0200},
  biburl    = {http://dblp.org/rec/bib/conf/csfw/GuptaS07},
  bibsource = {dblp computer science bibliography, http://dblp.org}
}
@proceedings{DBLP:conf/csfw/2007,
  title     = {20th {IEEE} Computer Security Foundations Symposium, {CSF} 2007, 6-8
               July 2007, Venice, Italy},
  publisher = {{IEEE} Computer Society},
  year      = {2007},
  url       = {http://ieeexplore.ieee.org/xpl/mostRecentIssue.jsp?punumber=4271630},
  isbn      = {0-7695-2819-8},
  timestamp = {Fri, 13 May 2016 11:48:36 +0200},
  biburl    = {http://dblp.org/rec/bib/conf/csfw/2007},
  bibsource = {dblp computer science bibliography, http://dblp.org}
}


@inproceedings{DBLP:conf/ccs/FuchsALM08,
  author    = {Christoph Fuchs and
               Nils Aschenbruck and
               Felix Leder and
               Peter Martini},
  title     = {Detecting VoIP based DoS attacks at the public safety answering point},
  booktitle = {Proceedings of the 2008 {ACM} Symposium on Information, Computer and
               Communications Security, {ASIACCS} 2008, Tokyo, Japan, March 18-20,
               2008},
  pages     = {148--155},
  year      = {2008},
  crossref  = {DBLP:conf/ccs/2008asia},
  url       = {http://doi.acm.org/10.1145/1368310.1368333},
  doi       = {10.1145/1368310.1368333},
  timestamp = {Tue, 21 Nov 2017 18:32:25 +0100},
  biburl    = {http://dblp.org/rec/bib/conf/ccs/FuchsALM08},
  bibsource = {dblp computer science bibliography, http://dblp.org}
}
@proceedings{DBLP:conf/ccs/2008asia,
  editor    = {Masayuki Abe and
               Virgil D. Gligor},
  title     = {Proceedings of the 2008 {ACM} Symposium on Information, Computer and
               Communications Security, {ASIACCS} 2008, Tokyo, Japan, March 18-20,
               2008},
  publisher = {{ACM}},
  year      = {2008},
  isbn      = {978-1-59593-979-1},
  timestamp = {Tue, 21 Nov 2017 18:32:25 +0100},
  biburl    = {http://dblp.org/rec/bib/conf/ccs/2008asia},
  bibsource = {dblp computer science bibliography, http://dblp.org}
}

@inproceedings{DBLP:conf/ism/ConnerN08,
  author    = {William Conner and
               Klara Nahrstedt},
  title     = {Protecting {SIP} Proxy Servers from Ringing-Based Denial-of-Service
               Attacks},
  booktitle = {Tenth {IEEE} International Symposium on Multimedia (ISM2008), December
               15-17, 2008, Berkeley, California, {USA}},
  pages     = {340--347},
  year      = {2008},
  crossref  = {DBLP:conf/ism/2008},
  url       = {https://doi.org/10.1109/ISM.2008.65},
  doi       = {10.1109/ISM.2008.65},
  timestamp = {Wed, 24 May 2017 08:30:01 +0200},
  biburl    = {http://dblp.org/rec/bib/conf/ism/ConnerN08},
  bibsource = {dblp computer science bibliography, http://dblp.org}
}
@proceedings{DBLP:conf/ism/2008,
  title     = {Tenth {IEEE} International Symposium on Multimedia (ISM2008), December
               15-17, 2008, Berkeley, California, {USA}},
  publisher = {{IEEE} Computer Society},
  year      = {2008},
  url       = {http://ieeexplore.ieee.org/xpl/mostRecentIssue.jsp?punumber=4741127},
  isbn      = {978-0-7695-3454-1},
  timestamp = {Fri, 17 Oct 2014 14:47:15 +0200},
  biburl    = {http://dblp.org/rec/bib/conf/ism/2008},
  bibsource = {dblp computer science bibliography, http://dblp.org}
}

@inproceedings{DBLP:conf/noms/LuoPL08,
  author    = {Ming Luo and
               Tao Peng and
               Christopher Leckie},
  title     = {CPU-based DoS attacks against {SIP} servers},
  booktitle = {{IEEE/IFIP} Network Operations and Management Symposium: Pervasive
               Management for Ubioquitous Networks and Services, {NOMS} 2008, 7-11
               April 2008, Salvador, Bahia, Brazil},
  pages     = {41--48},
  year      = {2008},
  crossref  = {DBLP:conf/noms/2008},
  url       = {https://doi.org/10.1109/NOMS.2008.4575115},
  doi       = {10.1109/NOMS.2008.4575115},
  timestamp = {Fri, 19 May 2017 01:26:25 +0200},
  biburl    = {http://dblp.org/rec/bib/conf/noms/LuoPL08},
  bibsource = {dblp computer science bibliography, http://dblp.org}
}
@proceedings{DBLP:conf/noms/2008,
  editor    = {Marcus Brunner and
               Carlos Becker Westphall and
               Lisandro Zambenedetti Granville},
  title     = {{IEEE/IFIP} Network Operations and Management Symposium: Pervasive
               Management for Ubioquitous Networks and Services, {NOMS} 2008, 7-11
               April 2008, Salvador, Bahia, Brazil},
  publisher = {{IEEE}},
  year      = {2008},
  url       = {http://ieeexplore.ieee.org/xpl/mostRecentIssue.jsp?punumber=4567164},
  isbn      = {978-1-4244-2066-7},
  timestamp = {Fri, 08 Jul 2016 10:44:24 +0200},
  biburl    = {http://dblp.org/rec/bib/conf/noms/2008},
  bibsource = {dblp computer science bibliography, http://dblp.org}
}

@inproceedings{DBLP:conf/sec/VapenCMS15,
  author    = {Anna Vapen and
               Niklas Carlsson and
               Anirban Mahanti and
               Nahid Shahmehri},
  title     = {Information Sharing and User Privacy in the Third-Party Identity Management
               Landscape},
  booktitle = {{ICT} Systems Security and Privacy Protection - 30th {IFIP} {TC} 11
               International Conference, {SEC} 2015, Hamburg, Germany, May 26-28,
               2015, Proceedings},
  pages     = {174--188},
  year      = {2015},
  crossref  = {DBLP:conf/sec/2015},
  url       = {https://doi.org/10.1007/978-3-319-18467-8_12},
  doi       = {10.1007/978-3-319-18467-8_12},
  timestamp = {Fri, 19 May 2017 01:25:10 +0200},
  biburl    = {http://dblp.org/rec/bib/conf/sec/VapenCMS15},
  bibsource = {dblp computer science bibliography, http://dblp.org}
}

@proceedings{DBLP:conf/sec/2015,
  editor    = {Hannes Federrath and
               Dieter Gollmann},
  title     = {{ICT} Systems Security and Privacy Protection - 30th {IFIP} {TC} 11
               International Conference, {SEC} 2015, Hamburg, Germany, May 26-28,
               2015, Proceedings},
  series    = {{IFIP} Advances in Information and Communication Technology},
  volume    = {455},
  publisher = {Springer},
  year      = {2015},
  url       = {https://doi.org/10.1007/978-3-319-18467-8},
  doi       = {10.1007/978-3-319-18467-8},
  isbn      = {978-3-319-18466-1},
  timestamp = {Fri, 19 May 2017 01:25:10 +0200},
  biburl    = {http://dblp.org/rec/bib/conf/sec/2015},
  bibsource = {dblp computer science bibliography, http://dblp.org}
}



	@TechReport{sakimura_openid_dynreg,
	  title={OpenID connect dynamic client registration 1.0},
	  author={Sakimura, N and Bradley, J and Jones, M},
	  url={https://openid.net/specs/openid-connect-registration-1\_0-final.html},
	  year={2014},
	  type = "{OpenID} Specification",
	  institution = "OpenID Foundation",
	}

	@TechReport{sakimura_openid_discovery,
	  title={OpenID Connect Discovery 1.0},
	  author={Sakimura, Nat and Bradley, John and Jones, M and Jay, Edmund},
	  url={https://openid.net/specs/openid-connect-discovery-1\_0.html},
	  year={2014},
	  type= "{OpenID} Specification",
	  institution= "OpenID Foundation",
	}

	@inproceedings{DBLP:conf/iciap/SicreAF17,
	  author    = {Ronan Sicre and
	               Ahmad Montaser Awal and
	               Teddy Furon},
	  title     = {Identity Documents Classification as an Image Classification Problem},
	  booktitle = {Image Analysis and Processing - {ICIAP} 2017 - 19th International
	               Conference, Catania, Italy, September 11-15, 2017, Proceedings, Part
	               {II}},
	  pages     = {602--613},
	  year      = {2017},
	  crossref  = {DBLP:conf/iciap/2017-2},
	  url       = {https://doi.org/10.1007/978-3-319-68548-9_55},
	  doi       = {10.1007/978-3-319-68548-9_55},
	  timestamp = {Wed, 18 Oct 2017 10:07:49 +0200},
	  biburl    = {http://dblp.org/rec/bib/conf/iciap/SicreAF17},
	  bibsource = {dblp computer science bibliography, http://dblp.org}
	}
	@proceedings{DBLP:conf/iciap/2017-2,
  editor    = {Sebastiano Battiato and
               Giovanni Gallo and
               Raimondo Schettini and
               Filippo Stanco},
  title     = {Image Analysis and Processing - {ICIAP} 2017 - 19th International
               Conference, Catania, Italy, September 11-15, 2017, Proceedings, Part
               {II}},
  series    = {Lecture Notes in Computer Science},
  volume    = {10485},
  publisher = {Springer},
  year      = {2017},
  url       = {https://doi.org/10.1007/978-3-319-68548-9},
  doi       = {10.1007/978-3-319-68548-9},
  isbn      = {978-3-319-68547-2},
  timestamp = {Wed, 18 Oct 2017 09:23:19 +0200},
  biburl    = {http://dblp.org/rec/bib/conf/iciap/2017-2},
  bibsource = {dblp computer science bibliography, http://dblp.org}
}

@inproceedings{DBLP:conf/coria/AwalA16,
  author    = {Ahmad Montaser Awal and
               Abdullah Almaksour},
  title     = {Classification et extraction des documents complexes {\`{a}} partir
               des images issues d'un p{\'{e}}riph{\'{e}}rique mobile :
               application aux documents d'identit{\'{e}}},
  booktitle = {{CORIA} 2016 - Conf{\'{e}}rence en Recherche d'Informations et
               Applications- 13th French Information Retrieval Conference. {CIFED}
               2016 Colloque International Francophone sur l'Ecrit et le Document,
               Toulouse, France, March 9-11, 2016, Toulouse, France, March 9-11,
               2016.},
  pages     = {575--588},
  year      = {2016},
  crossref  = {DBLP:conf/coria/2016},
  url       = {https://doi.org/10.24348/sdnri.2016.CIFED-13},
  doi       = {10.24348/sdnri.2016.CIFED-13},
  timestamp = {Mon, 08 May 2017 16:29:44 +0200},
  biburl    = {http://dblp.org/rec/bib/conf/coria/AwalA16},
  bibsource = {dblp computer science bibliography, http://dblp.org}
}

@proceedings{DBLP:conf/coria/2016,
  editor    = {Sylvie Calabretto and
               Bertrand Co{\"{u}}asnon and
               Lorraine Goeuriot and
               Sabine Barrat},
  title     = {{CORIA} 2016 - Conf{\'{e}}rence en Recherche d'Informations et
               Applications- 13th French Information Retrieval Conference. {CIFED}
               2016 Colloque International Francophone sur l'Ecrit et le Document,
               Toulouse, France, March 9-11, 2016, Toulouse, France, March 9-11,
               2016},
  publisher = {{ARIA-GRCE}},
  year      = {2016},
  timestamp = {Tue, 29 Mar 2016 15:32:05 +0200},
  biburl    = {http://dblp.org/rec/bib/conf/coria/2016},
  bibsource = {dblp computer science bibliography, http://dblp.org}
}


@inproceedings{nurminen2013p2p,
  title={P2P media streaming with HTML5 and WebRTC},
  author={Nurminen, Jukka K and Meyn, Antony JR and Jalonen, Eetu and Raivio, Yrjo and Marrero, Ra{\'u}l Garc{\i}a},
  booktitle={Computer Communications Workshops (INFOCOM WKSHPS), 2013 IEEE Conference on},
  pages={63--64},
  year={2013},
  organization={IEEE}
}

@inproceedings{vogt2013leveraging,
  author    = {Christian Vogt and
               Max Jonas Werner and
               Thomas C. Schmidt},
  title     = {Leveraging WebRTC for {P2P} content distribution in web browsers},
  booktitle = {2013 21st {IEEE} International Conference on Network Protocols, {ICNP}
               2013, G{\"{o}}ttingen, Germany, October 7-10, 2013},
  pages     = {1--2},
  year      = {2013},
  crossref  = {DBLP:conf/icnp/2013},
  url       = {https://doi.org/10.1109/ICNP.2013.6733637},
  doi       = {10.1109/ICNP.2013.6733637},
  timestamp = {Fri, 26 May 2017 00:49:08 +0200},
  biburl    = {http://dblp.org/rec/bib/conf/icnp/VogtWS13},
  bibsource = {dblp computer science bibliography, http://dblp.org}
}

@proceedings{DBLP:conf/icnp/2013,
  title     = {2013 21st {IEEE} International Conference on Network Protocols, {ICNP}
               2013, G{\"{o}}ttingen, Germany, October 7-10, 2013},
  publisher = {{IEEE}},
  year      = {2013},
  url       = {http://ieeexplore.ieee.org/xpl/mostRecentIssue.jsp?punumber=6718434},
  isbn      = {978-1-4799-1270-4},
  timestamp = {Fri, 19 Dec 2014 14:04:02 +0100},
  biburl    = {http://dblp.org/rec/bib/conf/icnp/2013},
  bibsource = {dblp computer science bibliography, http://dblp.org}
}



@TechReport{story2013webid,
  title={WebID-TLS, WebID Authentication over TLS},
  type  = "{W3C} Editor's Draft",
  institution = "W3C",
  year={2013}
}

@TechReport{sporny2011webid,
  title={Webid 1.0: Web identification and discovery},
  author={Sporny, Manu and Inkster, Toby and Story, Henry and Harbulot, Bruno and Bachmann-Gm{\"u}r, Reto},
  type  = "{W3C} Editor's Draft",
  institution = "W3C",
  year={2011}
}

@TechReport{Denicola:18:PRA,
  author      = "Domenic Denicola and Marcos Caceres and Adrian Bateman and Roy McElmurry and Zach Koch",
  title       = "Payment Request {API}",
  month       = jan,
  note        = "https://www.w3.org/TR/2018/CR-payment-request-20180123/",
  year        = "2018",
  bibsource   = "http://w2.syronex.com/jmr/w3c-biblio",
  type        = "Candidate Recommendation",
  institution = "W3C",
}

@TechReport{9524886,
  author      = "Mike West",
  title       = "Content Security Policy Level 3",
  month       = sep,
  url        = {https://www.w3.org/TR/2016/WD-CSP3-20160913/},
  year        = "2016",
  bibsource   = "http://w2.syronex.com/jmr/w3c-biblio",
  type        = "{W3C} Working Draft",
  institution = "W3C",
}

@techreport{I-D.ietf-acme-acme,
  author = {Richard Barnes and Jacob Hoffman-Andrews and Daniel McCarney and James Kasten},
  title = {Automatic Certificate Management Environment (ACME)},
  howpublished = {Working Draft},
  type = {Internet-Draft},
  number = {draft-ietf-acme-acme-09},
  year = {2017},
  month = {December},
  institution = {IETF Secretariat},
  url = {http://www.ietf.org/internet-drafts/draft-ietf-acme-acme-09.txt},
  note = {\url{http://www.ietf.org/internet-drafts/draft-ietf-acme-acme-09.txt}},
}

@techreport{RFC6347,
  author = {E. Rescorla and N. Modadugu},
  title = {Datagram Transport Layer Security Version 1.2},
  howpublished = {Internet Requests for Comments},
  type = {RFC},
  number = {6347},
  year = {2012},
  month = {January},
  issn = {2070-1721},
  publisher = {RFC Editor},
  institution = {RFC Editor},
  url = {http://www.rfc-editor.org/rfc/rfc6347.txt},
  note = {\url{http://www.rfc-editor.org/rfc/rfc6347.txt}},
}

@techreport{RFC5763,
  author = {J. Fischl and H. Tschofenig and E. Rescorla},
  title = {Framework for Establishing a Secure Real-time Transport Protocol (SRTP) Security Context Using Datagram Transport Layer Security (DTLS)},
  howpublished = {Internet Requests for Comments},
  type = {RFC},
  number = {5763},
  year = {2010},
  month = {May},
  issn = {2070-1721},
  publisher = {RFC Editor},
  institution = {RFC Editor},
}

@techreport{RFC2616,
  author = {Roy T. Fielding and James Gettys and Jeffrey C. Mogul and Henrik Frystyk Nielsen and Larry Masinter and Paul J. Leach and Tim Berners-Lee},
  title = {Hypertext Transfer Protocol -- HTTP/1.1},
  howpublished = {Internet Requests for Comments},
  type = {RFC},
  number = {2616},
  year = {1999},
  month = {June},
  issn = {2070-1721},
  publisher = {RFC Editor},
  institution = {RFC Editor},
  url = {http://www.rfc-editor.org/rfc/rfc2616.txt},
  note = {\url{http://www.rfc-editor.org/rfc/rfc2616.txt}},
}

@techreport{RFC2818,
  author = {E. Rescorla},
  title = {HTTP Over TLS},
  howpublished = {Internet Requests for Comments},
  type = {RFC},
  number = {2818},
  year = {2000},
  month = {May},
  issn = {2070-1721},
  publisher = {RFC Editor},
  institution = {RFC Editor},
  url = {http://www.rfc-editor.org/rfc/rfc2818.txt},
  note = {\url{http://www.rfc-editor.org/rfc/rfc2818.txt}},
}

@techreport{RFC791,
  author = {Jon Postel},
  title = {Internet Protocol},
  howpublished = {Internet Requests for Comments},
  type = {STD},
  number = {5},
  year = {1981},
  month = {September},
  issn = {2070-1721},
  publisher = {RFC Editor},
  institution = {RFC Editor},
  url = {http://www.rfc-editor.org/rfc/rfc791.txt},
  note = {\url{http://www.rfc-editor.org/rfc/rfc791.txt}},
}

@techreport{RFC7159,
  author = {T. Bray},
  title = {The JavaScript Object Notation (JSON) Data Interchange Format},
  howpublished = {Internet Requests for Comments},
  type = {RFC},
  number = {7159},
  year = {2014},
  month = {March},
  issn = {2070-1721},
  publisher = {RFC Editor},
  institution = {RFC Editor},
  url = {http://www.rfc-editor.org/rfc/rfc7159.txt},
  note = {\url{http://www.rfc-editor.org/rfc/rfc7159.txt}},
}

@techreport{RFC3550,
  author = {H. Schulzrinne and S. Casner and R. Frederick and V. Jacobson},
  title = {RTP: A Transport Protocol for Real-Time Applications},
  howpublished = {Internet Requests for Comments},
  type = {STD},
  number = {64},
  year = {2003},
  month = {July},
  issn = {2070-1721},
  publisher = {RFC Editor},
  institution = {RFC Editor},
  url = {http://www.rfc-editor.org/rfc/rfc3550.txt},
  note = {\url{http://www.rfc-editor.org/rfc/rfc3550.txt}},
}


@techreport{RFC4960,
  author = {R. Stewart},
  title = {Stream Control Transmission Protocol},
  howpublished = {Internet Requests for Comments},
  type = {RFC},
  number = {4960},
  year = {2007},
  month = {September},
  issn = {2070-1721},
  publisher = {RFC Editor},
  institution = {RFC Editor},
  url = {http://www.rfc-editor.org/rfc/rfc4960.txt},
  note = {\url{http://www.rfc-editor.org/rfc/rfc4960.txt}},
}

@techreport{RFC4568,
  author = {F. Andreasen and M. Baugher and D. Wing},
  title = {Session Description Protocol (SDP) Security Descriptions for Media Streams},
  howpublished = {Internet Requests for Comments},
  type = {RFC},
  number = {4568},
  year = {2006},
  month = {July},
  issn = {2070-1721},
  publisher = {RFC Editor},
  institution = {RFC Editor},
}

@techreport{RFC4566,
  author = {M. Handley and V. Jacobson and C. Perkins},
  title = {SDP: Session Description Protocol},
  howpublished = {Internet Requests for Comments},
  type = {RFC},
  number = {4566},
  year = {2006},
  month = {July},
  issn = {2070-1721},
  publisher = {RFC Editor},
  institution = {RFC Editor},
  url = {http://www.rfc-editor.org/rfc/rfc4566.txt},
  note = {\url{http://www.rfc-editor.org/rfc/rfc4566.txt}},
}

@techreport{RFC3711,
  author = {M. Baugher and D. McGrew and M. Naslund and E. Carrara and K. Norrman},
  title = {The Secure Real-time Transport Protocol (SRTP)},
  howpublished = {Internet Requests for Comments},
  type = {RFC},
  number = {3711},
  year = {2004},
  month = {March},
  issn = {2070-1721},
  publisher = {RFC Editor},
  institution = {RFC Editor},
  url = {http://www.rfc-editor.org/rfc/rfc3711.txt},
  note = {\url{http://www.rfc-editor.org/rfc/rfc3711.txt}},
}

@techreport{RFC793,
  author = {Jon Postel},
  title = {Transmission Control Protocol},
  howpublished = {Internet Requests for Comments},
  type = {STD},
  number = {7},
  year = {1981},
  month = {September},
  issn = {2070-1721},
  publisher = {RFC Editor},
  institution = {RFC Editor},
  url = {http://www.rfc-editor.org/rfc/rfc793.txt},
  note = {\url{http://www.rfc-editor.org/rfc/rfc793.txt}},
}

@techreport{RFC3986,
  author = {Tim Berners-Lee and Roy T. Fielding and Larry Masinter},
  title = {Uniform Resource Identifier (URI): Generic Syntax},
  howpublished = {Internet Requests for Comments},
  type = {STD},
  number = {66},
  year = {2005},
  month = {January},
  issn = {2070-1721},
  publisher = {RFC Editor},
  institution = {RFC Editor},
  url = {http://www.rfc-editor.org/rfc/rfc3986.txt},
  note = {\url{http://www.rfc-editor.org/rfc/rfc3986.txt}},
}
@techreport{RFC768,
  author = {J. Postel},
  title = {User Datagram Protocol},
  howpublished = {Internet Requests for Comments},
  type = {STD},
  number = {6},
  year = {1980},
  month = {August},
  issn = {2070-1721},
  publisher = {RFC Editor},
  institution = {RFC Editor},
  url = {http://www.rfc-editor.org/rfc/rfc768.txt},
  note = {\url{http://www.rfc-editor.org/rfc/rfc768.txt}},
}

@article{DBLP:journals/popets/JohnsonJHSS17,
  author    = {Aaron Johnson and
               Rob Jansen and
               Nicholas Hopper and
               Aaron Segal and
               Paul Syverson},
  title     = {PeerFlow: Secure Load Balancing in Tor},
  journal   = {PoPETs},
  volume    = {2017},
  number    = {2},
  pages     = {74--94},
  year      = {2017},
  url       = {https://doi.org/10.1515/popets-2017-0017},
  doi       = {10.1515/popets-2017-0017},
  timestamp = {Sat, 27 May 2017 14:24:30 +0200},
  biburl    = {http://dblp.org/rec/bib/journals/popets/JohnsonJHSS17},
  bibsource = {dblp computer science bibliography, http://dblp.org}
}


@misc{ball_nsa_2013,
	title = {{NSA} and {GCHQ} target {Tor} network that protects anonymity of web users},
	url = {http://www.theguardian.com/world/2013/oct/04/nsa-gchq-attack-tor-network-encryption},
	abstract = {• Top-secret documents detail repeated efforts to crack Tor• Tool is funded by US government and relied on by dissidents and activists• Agencies have failed to break core security of network but have limited success in attacking users' computers},
	language = {en},
	urldate = {2018-02-08},
	journal = {the Guardian},
	author = {Ball, James and Greenwald, Glenn and Schneier, Bruce},
	month = oct,
	year = {2013}
}
@proceedings{DBLP:conf/eurosys/2015awes,
  editor    = {Emmanuel Bertin and
               No{\"{e}}l Crespi and
               Roch H. Glitho},
  title     = {Proceedings of the 1st Workshop on All-Web Real-Time Systems, AWeS@EuroSys
               2015, Bordeaux, France, April 21, 2015},
  publisher = {{ACM}},
  year      = {2015},
  url       = {http://doi.acm.org/10.1145/2749215},
  doi       = {10.1145/2749215},
  isbn      = {978-1-4503-3477-8},
  timestamp = {Tue, 15 Mar 2016 18:04:24 +0100},
  biburl    = {http://dblp.org/rec/bib/conf/eurosys/2015awes},
  bibsource = {dblp computer science bibliography, http://dblp.org}
}

@proceedings{DBLP:conf/sp/2016,
  title     = {{IEEE} Symposium on Security and Privacy, {SP} 2016, San Jose, CA,
               USA, May 22-26, 2016},
  publisher = {{IEEE} Computer Society},
  year      = {2016},
  url       = {http://ieeexplore.ieee.org/xpl/mostRecentIssue.jsp?punumber=7528194},
  isbn      = {978-1-5090-0824-7},
  timestamp = {Tue, 20 Sep 2016 12:04:24 +0200},
  biburl    = {http://dblp.org/rec/bib/conf/sp/2016},
  bibsource = {dblp computer science bibliography, http://dblp.org}
}

@TechReport{Watson:17:WCA,
  author      = "Mark Watson",
  title       = "Web Cryptography {API}",
  month       = jan,
  note        = "https://www.w3.org/TR/2017/REC-WebCryptoAPI-20170126/",
  year        = "2017",
  bibsource   = "http://w2.syronex.com/jmr/w3c-biblio",
  type        = "{W3C} Recommendation",
  institution = "W3C",
}

@TechReport{Hickson:16:WSE,
  author      = "Ian Hickson",
  title       = "Web Storage (Second Edition)",
  month       = apr,
  note        = "http://www.w3.org/TR/2016/REC-webstorage-20160419/",
  year        = "2016",
  bibsource   = "http://w2.syronex.com/jmr/w3c-biblio",
  type        = "{W3C} Recommendation",
  institution = "W3C",
}

@article{allier15,
keywords = {diversity, web, selected, software diversity, software monoculture, web applications, security, dependability},
  title={Multi-tier diversification in Web-based software applications},
  author={Allier, Simon and Barais, Olivier and Baudry, Benoit and Bourcier, Johann and Daubert, Erwan and Fleurey, Franck and Monperrus, Martin and Song, Hui and Tricoire, Maxime},
  journal={IEEE Software},
  volume = {32},
  number={1},
  year={2015},
  pages={83--90},
	X-International-Audience = {yes},
	X-Language = {EN},
	x-abbrv = {Software},
	url={https://hal.archives-ouvertes.fr/hal-01089268/document},
	abstract = {The development of web applications massively benefits from modular architectures and reuse. This excellent software engineering practice, is also the source of a new form of monoculture in application-level code, which creates a potential risk for dependability.
  We propose using software diversiﬁcation in multiple components of web applications to reconcile the tension between reuse and dependability. We identify key enablers for the eﬀective diversiﬁcation of software, especially at the application-code level. Our vision is that it is possible to combine diﬀerent software diversiﬁcation strategies, from the deployment of diﬀerent vendor solutions, to ﬁne-grained code transformations, in order to provide different forms of protection.
  }
}

@report{INTA_DarkWeb,
  author = {T. Bray},
  title = {Anticounterfeiting on the Dark Web},
  year = {2015},
  month = {April},
  publisher = {International Trademark Association},
  institution = {Anticounterfeiting Committee},
  url = {http://www.inta.org/Advocacy/Documents/2015/ACC%20Dark%20Web%20Report.pdf},
  note = {\url{http://www.inta.org/Advocacy/Documents/2015/ACC%20Dark%20Web%20Report.pdf}},
}
